%% This BibTeX bibliography file was created using BibDesk.
%% http://bibdesk.sourceforge.net/


%% Created for Gretar Tryggvason at 2009-11-04 10:45:01 -0500 


%% Saved with string encoding Unicode (UTF-8) 



@article{Broder:07,
	Author = {D. Br\"oder and M. Sommerfeld},
	Date-Added = {2009-11-04 10:27:24 -0500},
	Date-Modified = {2009-11-04 10:43:23 -0500},
	Journal = {Meas. Sci. Technol.},
	Pages = {2513--2528},
	Title = {Planar shadow image velocimetry for the analysis of the hydrodynamics in bubbly flows},
	Volume = {18},
	Year = {2007}}

@techreport{Kermeen:56,
	Author = {R. W. Kermeen},
	Date-Added = {2009-10-21 06:05:57 -0400},
	Date-Modified = {2009-10-21 06:11:33 -0400},
	Institution = {Calif. Inst. of Tech. Hydro. Lab. Rep. 47-5},
	Title = {Water tunnel tests of {NACA} 4412 and {W}alchner Profile 7 hydrofoils in non-cavitating and cavitating flows},
	Year = {1956}}

@article{Ceniceros:05,
	Author = {H. D. Ceniceros and A. M. Roma},
	Date-Added = {2009-06-02 11:44:57 -0400},
	Date-Modified = {2009-06-02 11:46:05 -0400},
	Journal = {J. Comput. Phys.},
	Pages = {391-400},
	Title = {A multi-phase flow method with a fast, geometry- based fluid indicator.},
	Volume = {205},
	Year = {2005}}

@article{Du:06,
	Author = {J. Du and B. Fix and J Glimm and X. Jia and X Li and Y. Li and L. Wu},
	Date-Added = {2009-06-02 11:38:12 -0400},
	Date-Modified = {2009-06-02 11:39:30 -0400},
	Journal = {J. Comput. Phys.},
	Pages = {613-628},
	Title = {A simple package for front tracking},
	Volume = {213},
	Year = {2006}}

@article{E:03,
	Author = {W. E and B. Enquist},
	Date-Added = {2009-06-01 05:45:16 -0400},
	Date-Modified = {2009-06-01 05:46:16 -0400},
	Journal = {Comm. Math. Sci.},
	Pages = {87--133},
	Title = {The heterogeneous multiscale methods},
	Volume = {1},
	Year = {2003}}

@article{Son:99,
	Author = {G. Son and V.K. Dhir and N. Ramanujapu},
	Date-Added = {2009-06-01 05:10:44 -0400},
	Date-Modified = {2009-06-01 05:11:35 -0400},
	Journal = {J. Heat Transfer},
	Pages = {623-631},
	Title = {Dynamics and Heat Transfer Associated With a Single Bubble During Nucleate Boiling on a Horizontal Surface},
	Volume = {121},
	Year = {1999}}

@article{Udaykumar:96,
	Author = {H.S. Udaykumar and W. Shyy and M.M. Rao},
	Date-Added = {2009-06-01 04:19:27 -0400},
	Date-Modified = {2009-06-01 04:20:47 -0400},
	Journal = {Int. J. Numerical Methods in Fluids},
	Pages = {691--712},
	Title = {ELAFINT: a mixed Eulerian--Lagrangian method for fluid flows with complex and moving boundaries},
	Volume = {22},
	Year = {1996}}

@article{Shin:05b,
	Author = {S. Shin and S.I. Abdel-Khalik and D. Juric},
	Date-Added = {2009-06-01 02:49:06 -0400},
	Date-Modified = {2009-06-01 02:49:55 -0400},
	Journal = {Int. J. Multiphase Flow},
	Pages = {1231-1242},
	Title = {Direct three-dimensional numerical simulation of nucleate boiling using the level contour reconstruction method},
	Volume = {31},
	Year = {2005}}

@article{Son:08,
	Author = {G. Son and V. K. Dhir},
	Date-Added = {2009-06-01 02:47:38 -0400},
	Date-Modified = {2009-06-01 02:48:32 -0400},
	Journal = {Int. J. Heat and Mass Transfer},
	Pages = {2566-2582},
	Title = {Numerical simulation of nucleate boiling on a horizontal surface at high heat fluxes},
	Volume = {9-10},
	Year = {2008}}

@article{Mukherjee:07,
	Author = {A. Mukherjee and S. G. Kandlikar},
	Date-Added = {2009-06-01 02:45:58 -0400},
	Date-Modified = {2009-06-01 02:47:04 -0400},
	Journal = {Int. J. Heat and Mass Transfer},
	Pages = {127-138},
	Title = {Numerical study of single bubbles with dynamic contact angle during nucleate pool boiling},
	Volume = {50},
	Year = {2007}}

@article{Mukherjee:04,
	Author = {A. Mukherjee and V. K. Dhir},
	Date-Added = {2009-06-01 02:45:03 -0400},
	Date-Modified = {2009-06-01 02:45:53 -0400},
	Journal = {J. Heat Transfer},
	Pages = {1023-1039},
	Title = {Study of Lateral Merger of Vapor Bubbles During Nucleate Pool Boiling},
	Volume = {126},
	Year = {2004}}

@article{Gibou:07,
	Author = {F. Gibou and L. Chen and D. Nguyen and S. Banerjee},
	Date-Added = {2009-05-29 11:40:51 -0400},
	Date-Modified = {2009-06-14 19:31:45 -0400},
	Journal = {J. Comput. Phys.},
	Pages = {536-555},
	Title = {A Level Set Based Sharp Interface Method for the Multiphase Incompressible {N}avier-{S}tokes Equations with Phase Change},
	Volume = {222},
	Year = {2007}}

@article{Agarwal:04,
	Author = {D. Agarwal and S.W.J. Welch and G. Biswas and F. Durst},
	Date-Added = {2009-05-29 11:38:59 -0400},
	Date-Modified = {2009-05-29 11:40:34 -0400},
	Journal = {ASME J. Heat Transfer},
	Pages = {329-338},
	Title = {Planar Simulation of Bubble Growth in Film Boiling in Near-Critical Water Using a Variant of the {VOF} Method},
	Volume = {126},
	Year = {2004}}

@article{Tomar:09,
	Author = {G. Tomar and G. Biswas and A. Sharma and S.W.J. Welch},
	Date-Added = {2009-05-29 11:37:45 -0400},
	Date-Modified = {2009-05-29 11:38:48 -0400},
	Journal = {Phys. Fluids},
	Pages = {032107},
	Title = {Influence of Electric Field on Saturated Film Boiling},
	Volume = {21},
	Year = {2009}}

@article{Tomar:08,
	Author = {G. Tomar and G. Biswas and A. Sharma and S.W.J. Welch},
	Date-Added = {2009-05-29 11:36:11 -0400},
	Date-Modified = {2009-05-29 11:37:21 -0400},
	Journal = {Phys. Fluids},
	Pages = {092101},
	Title = {Multi-mode Analysis of Bubble Growth in Saturated Film Boiling},
	Volume = {20},
	Year = {2008}}

@article{ChaYeonYoon:05,
	Author = {P.-H. Cha and D.-H. Yeon and J.-K. Yoon},
	Date-Added = {2009-05-29 08:02:20 -0400},
	Date-Modified = {2009-05-29 08:12:31 -0400},
	Journal = {J. Crystal Growth},
	Pages = {281-293},
	Title = {Phase-field model for multicomponent alloy solidification},
	Volume = {274},
	Year = {2005}}

@article{Nestler:05,
	Author = {B. Nestler},
	Date-Added = {2009-05-29 07:56:57 -0400},
	Date-Modified = {2009-05-29 07:57:50 -0400},
	Journal = {J. Crystal Growth},
	Pages = {273-278},
	Title = {A 3{D} parallel simulator for crystal growth and solidification in complex alloy systems},
	Volume = {275},
	Year = {2005}}

@article{Plapp:07,
	Author = {M. Plapp},
	Date-Added = {2009-05-29 07:51:37 -0400},
	Date-Modified = {2009-05-29 07:52:42 -0400},
	Journal = {J. Crystal Growth},
	Pages = {49-57},
	Title = {Three-dimensional phase-field simulations of directional solidification},
	Volume = {303},
	Year = {2007}}

@article{Tan:07,
	Author = {L. Tan and N. Zabaras},
	Date-Added = {2009-05-29 07:47:59 -0400},
	Date-Modified = {2009-06-14 19:40:19 -0400},
	Journal = {J. Comput. Phys.},
	Pages = {9-40},
	Title = {A level set simulation of dendritic solidification of multi-component alloys},
	Volume = {221},
	Year = {2007}}

@article{LuBeckermannRamirez:05,
	Author = {Y. Lu and C. Beckermann and J.C. Ramirez},
	Date-Added = {2009-05-29 07:46:32 -0400},
	Date-Modified = {2009-05-29 07:47:34 -0400},
	Journal = {J. Crystal Growth},
	Pages = {320--334},
	Title = {Three-dimensional phase field simulations of the effect of convection on free dendritic growth},
	Volume = {280},
	Year = {2005}}

@article{Pasandideh-Fard:02,
	Author = {M. Pasandideh-Fard and S. Chandra and J. Mostaghimi},
	Date-Added = {2009-05-29 05:59:34 -0400},
	Date-Modified = {2009-05-29 06:01:04 -0400},
	Journal = {Int. J. Heat and Mass Transfer},
	Pages = {2229-2242},
	Title = {A Three-Dimensional Model of Droplet Impact and Solidification},
	Volume = {45},
	Year = {2002}}

@article{Ge:06,
	Author = {Y. Ge and L.-S. Fan},
	Date-Added = {2009-05-26 07:46:46 -0400},
	Date-Modified = {2009-05-26 07:48:41 -0400},
	Journal = {Phys. Fluids},
	Pages = {117104},
	Title = {Three-dimensional direct numerical simulation for film-boiling contact of moving particle and liquid droplet},
	Volume = {18},
	Year = {2006}}

@article{Dhir:98,
	Author = {V.K. Dhir},
	Date-Added = {2009-05-24 10:17:40 -0400},
	Date-Modified = {2009-05-24 10:18:51 -0400},
	Journal = {Ann. Rev. Fluid Mech.},
	Pages = {365-401},
	Title = {Boiling Heat Transfer},
	Volume = {30},
	Year = {1998}}

@book{Carey:07,
	Author = {V. P. Carey},
	Date-Added = {2009-05-24 10:12:50 -0400},
	Date-Modified = {2009-05-24 13:13:43 -0400},
	Edition = {2nd},
	Publisher = {Taylor \& Francis},
	Title = {Liquid Vapor Phase Change Phenomena: An Introduction to the Thermophysics of Vaporization and Condensation Processes in Heat Transfer Equipment},
	Year = {2007}}

@article{Kajishima:02,
	Author = {T. Kajishima and S. Takiguchi},
	Date-Added = {2009-01-11 15:43:42 -0500},
	Date-Modified = {2009-01-11 15:45:02 -0500},
	Journal = {Int. J. Heat and Fluid Flow},
	Pages = {639-646},
	Title = {Interaction between particle clusters and fluid turbulence},
	Volume = {23},
	Year = {2002}}

@article{Fauci:06,
	Author = {L. J. Fauci and R. Dillon},
	Date-Added = {2009-01-06 10:42:29 -0500},
	Date-Modified = {2009-01-06 10:44:13 -0500},
	Journal = {Ann. Rev. Fluid Mech.},
	Pages = {371-394},
	Title = {Biofluidmechanics of Reproduction},
	Volume = {38},
	Year = {2006}}

@article{Apte:09,
	Author = {S. V. Apte and M. Martin and N. A. Patankar},
	Date-Added = {2008-12-27 11:13:34 -0500},
	Date-Modified = {2008-12-27 11:14:19 -0500},
	Journal = {J. Comput. Phys.},
	Title = {A numerical method for fully resolved simulation (FRS) of rigid particle--flow interactions in complex flows},
	Year = {2009}}

@article{Mittal:05,
	Author = {R. Mittal and G. Iaccarino},
	Date-Added = {2008-12-26 18:58:34 -0500},
	Date-Modified = {2008-12-26 18:59:35 -0500},
	Journal = {Ann. Rev. Fluid Mech.},
	Pages = {239-261},
	Title = {Immersed Boundary Methods},
	Volume = {37},
	Year = {2005}}

@article{Gilmanov:03,
	Author = {A. Gilmanov and F. Sotiropoulos and E. Balaras},
	Date-Added = {2008-12-26 18:22:43 -0500},
	Date-Modified = {2008-12-26 18:23:52 -0500},
	Journal = {J. Comput. Phys.},
	Pages = {660--669},
	Title = {A general reconstruction algorithm for simulating flows with complex 3{D} immersed boundaries on {C}artesian grids},
	Volume = {191},
	Year = {2003}}

@article{YangMaoa:05,
	Author = {C. Yang and Z.-S. Maoa},
	Date-Added = {2008-12-26 12:02:52 -0500},
	Date-Modified = {2008-12-26 12:04:00 -0500},
	Journal = {Chemical Engineering Science},
	Pages = {2643--2660},
	Title = {Numerical simulation of interphase mass transfer with the level set approach},
	Volume = {60},
	Year = {2005}}

@article{Wanga:08,
	Author = {J. Wanga and P. Lua and Z. Wanga and C. Chao and Z.-S. Maoa},
	Date-Added = {2008-12-26 12:01:09 -0500},
	Date-Modified = {2008-12-26 12:02:22 -0500},
	Journal = {Chemical Engineering Science},
	Pages = {3141--3151},
	Title = {Numerical simulation of unsteady mass transfer by the level set method},
	Volume = {63},
	Year = {2008}}

@inproceedings{Bothe:03,
	Author = {D. Bothe and M. Koebe and K. Wielage and H. J. Warnecke},
	Booktitle = {Proc. 2003 ASME Joint U.S.-European Fluids Eng. Conf., Honolulu, USA},
	Date-Added = {2008-12-26 11:57:53 -0500},
	Date-Modified = {2008-12-26 11:59:02 -0500},
	Title = {FEDSM2003-45155: {VOF}-Simulations of Mass Transfer from Single Bubbles and Bubble Chains Rising in Aqueous Solutions},
	Year = {2003}}

@article{Werder:04,
	Author = {T. Werder and J. H. Walther and P. Koumoutsakos},
	Date-Added = {2008-12-23 12:56:32 -0500},
	Date-Modified = {2008-12-23 12:57:25 -0500},
	Journal = {J. Comput. Phys.},
	Pages = {373--390},
	Title = {Hybrid atomistic-continuum method for the simulation of dense fluid flow},
	Volume = {205},
	Year = {2005}}

@article{Nie:04,
	Author = {X. B. Nie and S. Y. Chen and W. N. E and M. O. Robbins},
	Date-Added = {2008-12-23 12:48:54 -0500},
	Date-Modified = {2008-12-23 12:51:43 -0500},
	Journal = {J. Fluid Mech.},
	Pages = {55--64},
	Title = {A continuum and molecular dynamics hybrid method for micro-and nano-fluid flow},
	Volume = {500},
	Year = {2004}}

@article{Davis:89,
	Author = {R. H. Davis and J. A. Schonberg and J. M. Rallison},
	Date-Added = {2008-12-23 12:40:13 -0500},
	Date-Modified = {2008-12-23 12:41:26 -0500},
	Journal = {Physics of Fluids A: Fluid Dynamics},
	Pages = {77-81},
	Title = {The lubrication force between two viscous drops},
	Volume = {1},
	Year = {1989}}

@article{Eggleton:98,
	Author = {C. D. Eggleton and A. S. Popel},
	Date-Added = {2008-12-22 17:56:39 -0500},
	Date-Modified = {2008-12-22 17:57:27 -0500},
	Journal = {Physics of Fluids},
	Pages = {1834-1845},
	Title = {Large Deformation of red blood cell ghosts in a simple shear flow},
	Volume = {10},
	Year = {1998}}

@article{Arthurs:98,
	Author = {K. Arthurs and L. C. Moore and C. S. Peskin and E. B. Pitman and H. Layton},
	Date-Added = {2008-12-22 17:55:14 -0500},
	Date-Modified = {2009-06-14 19:27:24 -0400},
	Journal = {J. Comput. Phys.},
	Pages = {402-440},
	Title = {Modeling arteriolar flow and mass transport using the Immersed Boundary Method},
	Volume = {147},
	Year = {1998}}

@article{Fauci:88,
	Author = {L. J. Fauci and C. S. Peskin},
	Date-Added = {2008-12-22 17:54:03 -0500},
	Date-Modified = {2008-12-22 17:54:55 -0500},
	Journal = {J. Comput. Phys.},
	Pages = {85-108},
	Title = {A computational model of aquatic animal locomotion},
	Volume = {77},
	Year = {1988}}

@article{Dillon:06,
	Author = {R. H. Dillon and L. J. Fauci and X. Yang},
	Date-Added = {2008-12-22 17:52:43 -0500},
	Date-Modified = {2008-12-22 17:53:41 -0500},
	Journal = {Comput. Math. Appl.},
	Pages = {749--758},
	Title = {Sperm Motility and Multiciliary Beating: An Integrative Mechanical Model},
	Volume = {52},
	Year = {2006}}

@article{Dillon:96,
	Author = {R. Dillon and L. Fauci and A. Fogelson and D. Gaver {III}},
	Date-Added = {2008-12-22 17:51:17 -0500},
	Date-Modified = {2008-12-22 17:52:12 -0500},
	Journal = {J. Comput. Phys.},
	Pages = {57--73},
	Title = {Modeling biofilm processes using the immersed boundary method},
	Volume = {129},
	Year = {1996}}

@article{York:99,
	Author = {A. R. York and D. Sulsky and H. L. Schreyer},
	Date-Added = {2008-12-22 17:42:07 -0500},
	Date-Modified = {2008-12-22 17:42:58 -0500},
	Journal = {Int. J. Numer. Methods Eng.},
	Pages = {1429-1456},
	Title = {The material point method for simulation of thin membranes},
	Volume = {44},
	Year = {1999}}

@article{Kim:06,
	Author = {Y. Kim and C. S. Peskin},
	Date-Added = {2008-12-22 17:23:37 -0500},
	Date-Modified = {2008-12-22 17:24:39 -0500},
	Journal = {SIAM J. Sci. Comput.},
	Pages = {2294-2312},
	Title = {2--{D} Parachute Simulation by the Immersed Boundary Method},
	Volume = {28},
	Year = {2006}}

@article{Rosar:01,
	Author = {M. E. Rosar and C. S. Peskin},
	Date-Added = {2008-12-22 17:21:53 -0500},
	Date-Modified = {2008-12-22 17:23:34 -0500},
	Journal = {New York J. Math.},
	Pages = {281-302},
	Title = {Fluid flow in collapsible elastic tubes: a three-dimensional numerical model},
	Volume = {7},
	Year = {2001}}

@article{Lai:00,
	Author = {M.-C. Lai and C. S. Peskin},
	Date-Added = {2008-12-22 17:20:02 -0500},
	Date-Modified = {2008-12-22 17:21:19 -0500},
	Journal = {J. Comput. Phys.},
	Pages = {705-719},
	Title = {An immersed boundary method with formal second order accuracy and reduced numerical viscosity},
	Volume = {160},
	Year = {2000}}

@article{Peskin:02,
	Author = {C. S. Peskin},
	Date-Added = {2008-12-22 17:18:32 -0500},
	Date-Modified = {2008-12-22 18:05:26 -0500},
	Journal = {Acta Numerica},
	Pages = {479-517},
	Title = {The immersed boundary method},
	Volume = {11},
	Year = {2002}}

@article{Frumkin:47,
	Author = {A. Frumkin and V. G. Levich},
	Date-Added = {2008-12-22 15:28:20 -0500},
	Date-Modified = {2008-12-22 15:29:42 -0500},
	Journal = {Zhurnal Fizicheskoi Khimii},
	Pages = {1183--1204},
	Title = {O Vliyanii Poverkhnostno-aktivnikh Veshestv na Dvizhenie na Granitse Zhidkikh Sred},
	Volume = {21},
	Year = {1947}}

@article{Rybczynski:11,
	Author = {W. Rybczynski},
	Date-Added = {2008-12-22 15:19:27 -0500},
	Date-Modified = {2008-12-22 15:53:33 -0500},
	Journal = {Bulletin de l'Acad{\'e}mie des Sciences de Cracovie},
	Pages = {40--46},
	Title = {{\"U}ber die fortschreitende Bewegung einer fl{\"u}ssigen Kugel in einem z{\"a}hen Medium},
	Volume = {A},
	Year = {1911}}

@article{Hadamard:11,
	Author = {J. Hadamard},
	Date-Added = {2008-12-22 15:17:53 -0500},
	Date-Modified = {2008-12-22 15:19:10 -0500},
	Journal = {Comptes Rendus de l'Academic des Sciences Paris},
	Pages = {1735--1738},
	Title = {Mouvement permanent lent d'une sphere liquide et visqueuse dans un liquide visqueux},
	Volume = {152},
	Year = {1911}}

@article{Lee200643,
	Author = {J. Lee and C. Pozrikidis},
	Date-Added = {2008-12-22 09:39:03 -0500},
	Date-Modified = {2009-06-05 04:30:42 -0400},
	Journal = {Computers and Fluids},
	Pages = {43 - 60},
	Title = {Effect of surfactants on the deformation of drops and bubbles in {N}avier-{S}tokes flow},
	Volume = {35},
	Year = {2006}}

@article{Renardy:04,
	Author = {M. A. Drumright-Clarke and Y. Renardy},
	Date-Added = {2008-12-22 09:36:08 -0500},
	Date-Modified = {2008-12-22 09:38:34 -0500},
	Journal = {Phys. Fluids},
	Pages = {14-21},
	Title = {The effect of insoluble surfactant at dilute concentration on drop breakup under shear with inertia},
	Volume = {16},
	Year = {2004}}

@techreport{Pilliod92,
	Author = {J.E. Pilliod},
	Date-Added = {2008-12-22 08:52:51 -0500},
	Date-Modified = {2008-12-22 08:54:05 -0500},
	Institution = {U.C. Davis},
	Keywords = {Master's thesis},
	Title = {An analysis of piecewise linear interface reconstruction algorithms for volume of fluid methods},
	Year = {1992}}

@article{Bassano:03,
	Author = {E. Bassano and D. Castagnolo},
	Date-Added = {2008-12-22 08:21:43 -0500},
	Date-Modified = {2008-12-22 08:22:51 -0500},
	Journal = {Microgravity sci. technol.},
	Pages = {20-33},
	Title = {Marangoni Migration of a Methanol Drop in Cyclohexane Matrix in a Closed Cavity},
	Volume = {XIV/1},
	Year = {2003}}

@article{Saville:97,
	Author = {D. A. Saville},
	Date-Added = {2008-12-21 16:32:09 -0500},
	Date-Modified = {2008-12-21 16:33:01 -0500},
	Journal = {Ann. Rev. Fluid Mech.},
	Pages = {27-64},
	Title = {Electrohydrodynamics: The {T}aylor-{M}elcher leaky dielectric model},
	Volume = {29},
	Year = {1997}}

@article{Melcher:69,
	Author = {J. R. Melcher and G. I. Taylor},
	Date-Added = {2008-12-21 16:29:45 -0500},
	Date-Modified = {2008-12-21 16:31:11 -0500},
	Journal = {Ann. Rev. Fluid Mech.},
	Pages = {111-146},
	Title = {Electrohydrodynamics: a review of the role of interfacial shear stresses},
	Volume = {1},
	Year = {1969}}

@article{Arp:80,
	Author = {P. A. Arp and R. T. Foister and S. G. Mason},
	Date-Added = {2008-12-21 16:26:42 -0500},
	Date-Modified = {2008-12-21 16:37:53 -0500},
	Journal = {Adv. Colloid Interface Sci.},
	Pages = {295-356},
	Title = {Some electrohydrodynamic effects in fluid dispersions},
	Volume = {12},
	Year = {1980}}

@article{Taylor:66,
	Author = {G. I. Taylor},
	Date-Added = {2008-12-21 16:24:29 -0500},
	Date-Modified = {2008-12-21 16:26:16 -0500},
	Journal = {Proc. R. Soc. Lond. A},
	Number = {159-166},
	Title = {Studies in Electrohydrodynamics. {I}. {T}he Circulation Produced in a Drop by Electrical Field},
	Volume = {291},
	Year = {1966}}

@article{Viecelli:69,
	Author = {J. A. Viecelli},
	Date-Added = {2008-12-21 15:59:50 -0500},
	Date-Modified = {2009-06-14 19:41:31 -0400},
	Journal = {J. Comput. Phys.},
	Pages = {543-551},
	Title = {A method for including arbitrary external boundaries in the {MAC} incompressible fluid computing technique},
	Volume = {4},
	Year = {1969}}

@article{Zhang2006366,
	Author = {J. Zhang and D.M. Eckmann and P.S. Ayyaswamy},
	Date-Added = {2008-12-21 15:54:58 -0500},
	Date-Modified = {2009-06-14 19:42:39 -0400},
	Journal = {J. Comput. Phys.},
	Pages = {366 - 396},
	Title = {A front tracking method for a deformable intravascular bubble in a tube with soluble surfactant transport},
	Volume = {214},
	Year = {2006}}

@book{LiIto:06,
	Author = {Z. Li and K. Ito},
	Date-Added = {2008-12-21 15:31:59 -0500},
	Date-Modified = {2008-12-21 15:34:24 -0500},
	Publisher = {SIAM Books, Philadelphia},
	Title = {The Immersed Interface Method Numerical Solutions Of Pdes Involving Interfaces And Irregular Domains},
	Year = {2006}}

@book{Ranade:01,
	Author = {V. Ranade},
	Date-Added = {2008-12-21 15:28:48 -0500},
	Date-Modified = {2008-12-22 13:50:46 -0500},
	Publisher = {Academic Press},
	Title = {Computational Flow Modeling for Chemical Reactor Engineering},
	Year = {2001}}

@article{Koynov:05,
	Author = {A. Koynov and J.G. Khinast and G. Tryggvason},
	Date-Added = {2008-12-21 15:15:35 -0500},
	Date-Modified = {2008-12-21 15:16:55 -0500},
	Journal = {A.I.Ch.E. Journal},
	Pages = {2786--2800},
	Title = {Mass transfer and chemical reactions in bubble swarms with dynamic interfaces},
	Volume = {51},
	Year = {2005}}

@article{Davidson:02,
	Author = {M. R. Davidson and M. Rudman},
	Date-Added = {2008-08-10 13:55:32 -0400},
	Date-Modified = {2008-08-10 13:57:11 -0400},
	Journal = {Numerical Heat transfer Part B fundamentals},
	Pages = {291-308},
	Title = {Volume-of-fluid calculation of heat or mass transfer across deforming interfaces in two-fluid flow},
	Volume = {41},
	Year = {2002}}

@article{Delale:05,
	Author = {C.F. Delale and S. Nas and G. Tryggvason},
	Date-Added = {2008-08-10 13:09:34 -0400},
	Date-Modified = {2008-08-10 13:10:49 -0400},
	Journal = {Phys. Fluids},
	Pages = {121705},
	Title = {Direct Numerical Simulations of Shock Propagation in Bubbly Liquids},
	Volume = {17},
	Year = {2005}}

@article{Nas:03,
	Author = {S. Nas and G. Tryggvason},
	Date-Added = {2008-08-10 13:07:48 -0400},
	Date-Modified = {2008-08-10 13:09:24 -0400},
	Journal = {Int. J. Multiphase Flow},
	Pages = {1117--1135},
	Title = {Thermocapillary interaction of two bubbles or drops},
	Volume = {29},
	Year = {2003}}

@article{Bonnetal:08,
	Author = {D. Bonn and J. Eggers and J. Indekeu and J. Meunier and E. Rolley},
	Date-Added = {2008-06-02 10:34:07 -0400},
	Date-Modified = {2008-06-02 10:35:21 -0400},
	Journal = {Reviews of Modern Physics},
	Title = {Wetting and spreading},
	Year = {2008}}

@article{Pengetal:99,
	Author = {D. Peng and B. Merriman and H. Zhao and S. Osher and M. Kang},
	Date-Added = {2008-06-02 06:43:02 -0400},
	Date-Modified = {2009-06-14 19:37:29 -0400},
	Journal = {J. Comput. Phys.},
	Pages = {410-438},
	Title = {A {PDE} Based Fast Local Level Set Method},
	Volume = {155},
	Year = {1999}}

@article{Chenetal:97,
	Author = {S. Chen and B. Merriman and S. Osher and P. Smereka},
	Date-Added = {2008-06-02 06:41:59 -0400},
	Date-Modified = {2008-06-02 10:01:09 -0400},
	Journal = {J. Comput. Phys.},
	Pages = {8-29},
	Title = {A Simple Level Set Method for Solving {S}tefan Problems},
	Volume = {135},
	Year = {1997}}

@article{BroderSommerfeld:07,
	Author = {D. Br\"oder and M. Sommerfeld},
	Date-Added = {2008-06-02 02:35:15 -0400},
	Date-Modified = {2008-06-02 02:36:46 -0400},
	Journal = {Measurement Science and Technology},
	Pages = {2513-2528},
	Title = {Planar shadow image velocimetry for the analysis of the hydrodynamics in bubbly flows},
	Volume = {18},
	Year = {2007}}

@article{Brackbill:86,
	Author = {J. U. Brackbill and H. M. Ruppel},
	Date-Added = {2008-05-30 05:32:53 -0400},
	Date-Modified = {2008-05-30 05:34:55 -0400},
	Journal = {J. Comput. Phys.},
	Pages = {314 - 343},
	Title = {{FLIP}: A method for adaptively zoned, particle-in-cell calculations in two dimensions},
	Volume = {65},
	Year = {1986}}

@article{Nordmark:91,
	Author = {H. O. Nordmark},
	Date-Added = {2008-05-30 05:28:58 -0400},
	Date-Modified = {2008-05-30 05:29:50 -0400},
	Journal = {J. Comput. Phys.},
	Pages = {366-},
	Title = {High-order vortex methods with regridding},
	Volume = {97},
	Year = {1991}}

@article{Harlow:64,
	Author = {F. H. Harlow},
	Date-Added = {2008-05-30 05:26:39 -0400},
	Date-Modified = {2008-05-30 05:27:38 -0400},
	Journal = {Methods Comput. Phys.},
	Pages = {319--343},
	Title = {The particle-in-cell computing method for fluid dynamics},
	Volume = {3},
	Year = {1964}}

@book{Hammerlin:91,
	Author = {G. Hammerlin and K.-H. Hoffmann},
	Date-Added = {2008-05-30 04:04:05 -0400},
	Date-Modified = {2008-05-30 04:04:55 -0400},
	Publisher = {Springer},
	Title = {Numerical mathematics},
	Year = {1991}}

@book{Press:93,
	Author = {W. H. Press and B. P. Flannery and S. A. Teukolsky and W. T. Vetterling},
	Date-Added = {2008-05-30 04:03:17 -0400},
	Date-Modified = {2008-05-30 04:04:00 -0400},
	Publisher = {Cambridge University Press},
	Title = {Numerical Recipes in C: The Art of Scientific Computing},
	Year = {1993}}

@article{Bothe:06,
	Author = {D. Bothe and M. Schmidtke and H.-J. Warnecke},
	Date-Added = {2008-05-29 03:05:20 -0400},
	Date-Modified = {2008-05-29 03:06:06 -0400},
	Journal = {Chem. Eng. Technol.},
	Pages = {1048-1053},
	Title = {{VOF}-Simulation of the Lift Force for Single Bubbles in a Simple Shear Flow},
	Volume = {29},
	Year = {2006}}

@article{Tomiyama:02,
	Author = {A. Tomiyama and H. Tamai and I. Zun and S. Hosokawa},
	Date-Added = {2008-05-29 03:04:43 -0400},
	Date-Modified = {2008-05-29 03:05:18 -0400},
	Journal = {Chem. Eng. Sci.},
	Pages = {1849-1858},
	Title = {Transverse migration of single bubbles in simple shear flows},
	Volume = {57},
	Year = {2002}}

@article{vanSintAnnaland:06,
	Author = {M. van Sint Annaland and W. Dijkhuizen and N.G. Deen and J.A.M. Kuipers},
	Date-Added = {2008-05-29 03:02:51 -0400},
	Date-Modified = {2008-05-29 03:03:45 -0400},
	Journal = {AIChE J.},
	Pages = {99-110},
	Title = {Numerical simulation of gas bubbles behaviour using a 3{D} Front Tracking method},
	Volume = {52},
	Year = {2006}}

@article{LuoPanYang:03,
	Author = {R. Luo and X. H. Pan and X. Y. Yang},
	Date-Added = {2008-05-28 10:30:08 -0400},
	Date-Modified = {2008-05-28 10:30:41 -0400},
	Journal = {Int. J. Multiphase Flow},
	Pages = {603--620},
	Title = {Laminar light particle and liquid two-phase flows in a vertical pipe},
	Volume = {29},
	Year = {2003}}

@article{Songetal:01,
	Author = {Q. Song and R. Luo and X. Y. Yang and Z. Wang},
	Date-Added = {2008-05-28 10:29:21 -0400},
	Date-Modified = {2008-05-28 10:33:13 -0400},
	Journal = {Int. J. Multiphase Flow},
	Pages = {379--390},
	Title = {Phase distributions for upward laminar dilute bubbly flows with non-uniform bubble sizes in a vertical pipe},
	Volume = {27},
	Year = {2001}}

@article{Soetal:02,
	Author = {S. So and Morikita and S. Takagi and Y. Matsumoto},
	Date-Added = {2008-05-28 10:28:34 -0400},
	Date-Modified = {2008-05-28 10:29:19 -0400},
	Journal = {Exp. Fluids},
	Pages = {135--142},
	Title = {Laser Doppler velocimetry measurement of turbulent bubbly channel flow},
	Volume = {33},
	Year = {2002}}

@article{Cartellier:01,
	Author = {A. Cartellier and N. Rivi\`ere},
	Date-Added = {2008-05-28 10:27:27 -0400},
	Date-Modified = {2008-05-28 10:28:10 -0400},
	Journal = {Phys. Fluids},
	Pages = {2165-2181},
	Title = {Bubble-induced agitation and microstructure in uniform bubbly flows at small to moderate particle},
	Volume = {13},
	Year = {2001}}

@article{Lance:91,
	Author = {M. Lance and J. Bataille},
	Date-Added = {2008-05-28 10:26:46 -0400},
	Date-Modified = {2008-05-28 10:27:23 -0400},
	Journal = {J. Fluid Mech.},
	Pages = {95--118},
	Title = {Turbulence in the liquid phase of a uniform bubbly air--water flow},
	Volume = {222},
	Year = {1991}}

@article{Lopez:87,
	Author = {M. {Lopez De Bertodano} and R.T. Lahey Jr. and O.C. Jones},
	Date-Added = {2008-05-28 10:25:39 -0400},
	Date-Modified = {2008-12-22 12:48:47 -0500},
	Journal = {J. Fluids Eng.},
	Pages = {327--343},
	Title = {Development of a k--$\epsilon$ model for bubbly two-phase flow},
	Volume = {13},
	Year = {1987}}

@article{Lopez:94,
	Author = {M. {Lopez De Bertodano} and R.T. Lahey Jr. and O.C. Jones},
	Date-Added = {2008-05-28 10:24:55 -0400},
	Date-Modified = {2008-05-28 10:25:35 -0400},
	Journal = {Int. J. Multiphase Flow},
	Pages = {805-818},
	Title = {Phase distribution in bubbly two-phase flow in vertical ducts.},
	Volume = {20},
	Year = {1994}}

@article{Kashinsky:99,
	Author = {O. N. Kashinsky and V. V. Randin},
	Date-Added = {2008-05-28 10:24:12 -0400},
	Date-Modified = {2008-05-28 10:24:50 -0400},
	Journal = {Int. J. Multiphase Flow},
	Pages = {109--138},
	Title = {Downward bubbly gas--liquid flow in a vertical pipe},
	Volume = {25},
	Year = {1999}}

@article{KuoPanChieng:97,
	Author = {T. C. Kuo and C. Pan and C. C. Chieng},
	Date-Added = {2008-05-28 10:23:10 -0400},
	Date-Modified = {2008-05-28 10:24:06 -0400},
	Journal = {Int. J. Numer. Meth. Fluids},
	Pages = {579--593},
	Title = {{E}ulerian--{L}agrangian computations on phase distribution of two-phase bubbly flows},
	Volume = {24},
	Year = {1997}}

@article{Azpitarte:03,
	Author = {O. E. Azpitarte and G. C. Buscaglia},
	Date-Added = {2008-05-28 10:22:22 -0400},
	Date-Modified = {2008-05-28 10:23:09 -0400},
	Journal = {Chem. Eng. Sci.},
	Pages = {3765--3776},
	Title = {Analytical and numerical evaluation of two-fluid model solutions for laminar fully developed bubbly two-phase flows},
	Volume = {58},
	Year = {2003}}

@article{Guet:04,
	Author = {S. Guet and G. Ooms and R.V.A. Oliemans and R. F. Mudde},
	Date-Added = {2008-05-28 10:21:38 -0400},
	Date-Modified = {2008-05-28 10:22:19 -0400},
	Journal = {Chem. Eng. Sci.},
	Pages = {3315--3329},
	Title = {Bubble size effect on low liquid input drift-flux parameters},
	Volume = {59},
	Year = {2004}}

@article{Guet:05,
	Author = {S. Guet and G. Ooms and R.V.A. Oliemans},
	Date-Added = {2008-05-28 10:20:50 -0400},
	Date-Modified = {2008-05-28 10:21:34 -0400},
	Journal = {Simplified two-fluid model for gas-lift efficiency predictions},
	Pages = {1885--1896},
	Title = {AIChE J.},
	Volume = {51},
	Year = {2005}}

@article{Kitagawa:04,
	Author = {A. Kitagawa and K. Sugiyama and Y. Murai},
	Date-Added = {2008-05-28 10:10:20 -0400},
	Date-Modified = {2008-05-28 10:11:38 -0400},
	Journal = {Int. J. Multiphase Flow},
	Pages = {1213--1234},
	Title = {Experimental detection of bubble--bubble interactions in a wall-sliding bubble swarm},
	Volume = {30},
	Year = {2004}}

@article{IshiiZuber:79,
	Author = {M. Ishii and N. Zuber},
	Date-Added = {2008-05-28 10:09:24 -0400},
	Date-Modified = {2008-05-28 10:10:15 -0400},
	Journal = {AIChE Journal},
	Pages = {843-855},
	Title = {Drag coefficient and relative velocity in bubbly, droplet or particulate flows},
	Volume = {25},
	Year = {1979}}

@article{Liu:97,
	Author = {T. J. Liu},
	Date-Added = {2008-05-28 10:08:31 -0400},
	Date-Modified = {2008-05-28 10:09:21 -0400},
	Journal = {Int. J. Multiphase Flow},
	Pages = {1085-1109},
	Title = {Investigation of the wall shear stress in vertical bubbly flow under different bubble size conditions},
	Volume = {23},
	Year = {1997}}

@article{LiuBankoff:93,
	Author = {T. J. Liu and S. G. Bankoff},
	Date-Added = {2008-05-28 10:07:27 -0400},
	Date-Modified = {2008-05-28 10:08:23 -0400},
	Journal = {Int. J. Heat and Mass Transfer},
	Pages = {1049-1060},
	Title = {Structure of air-water bubbly flow in a vertical pipe--{I}. Liquid mean velocity and turbulence measurements},
	Volume = {36},
	Year = {1993}}

@article{Zenit:01,
	Author = {R. Zenit and D. L. Koch and A.S. Sangani},
	Date-Added = {2008-05-28 10:01:12 -0400},
	Date-Modified = {2008-05-28 10:02:39 -0400},
	Journal = {J. Fluid Mech.},
	Pages = {307-342},
	Title = {Measurements of the average properties of a suspension of bubbles rising in a vertical channel},
	Volume = {429},
	Year = {2001}}

@article{Harlow:65,
	Author = {F. H. Harlow and J. E. Welch},
	Date-Added = {2008-05-27 11:20:50 -0400},
	Date-Modified = {2008-05-27 11:20:50 -0400},
	Journal = {Phys. Fluid},
	Pages = {2182--2189},
	Title = {Numerical Calculation of Time-Dependent Viscous Incompressible Flow of Fluid with a Free Surface},
	Volume = {8},
	Year = {1965}}

@article{Harlow-sciam:65,
	Author = {F. H. Harlow and J. E. Fromm},
	Date-Added = {2008-05-27 11:20:50 -0400},
	Date-Modified = {2008-05-27 11:20:50 -0400},
	Journal = {Scientific American},
	Pages = {104},
	Title = {Computer experiments in fluid dynamics},
	Volume = {212},
	Year = {1965}}

@article{Harlow:66,
	Author = {F. H. Harlow and J. E. Welch},
	Date-Added = {2008-05-27 11:20:50 -0400},
	Date-Modified = {2008-05-27 11:20:50 -0400},
	Journal = {Phys. Fluid},
	Pages = {842--851},
	Title = {Numerical Study of Large-Amplitude Free-Surface Motions},
	Volume = {9},
	Year = {1966}}

@article{Harlow:67,
	Author = {F. H. Harlow and J. P. Shannon},
	Date-Added = {2008-05-27 11:20:50 -0400},
	Date-Modified = {2008-05-27 11:20:50 -0400},
	Journal = {J. Appl. Phys.},
	Pages = {3855--3866},
	Title = {The Splash of a Liquid Drop},
	Volume = {38},
	Year = {1967}}

@article{Daly:68,
	Author = {B. J. Daly and W. E. Pracht},
	Date-Added = {2008-05-27 11:20:50 -0400},
	Date-Modified = {2008-05-27 11:20:50 -0400},
	Journal = {Phys. Fluids},
	Pages = {15--30},
	Title = {Numerical Study of Density-Current Surges},
	Volume = {11},
	Year = {1968}}

@article{Daly-jcp:69,
	Author = {B. J. Daly},
	Date-Added = {2008-05-27 11:20:50 -0400},
	Date-Modified = {2008-05-27 11:20:50 -0400},
	Journal = {J. Comput. Phys.},
	Pages = {97-117},
	Title = {A Technique for Including Surface Tension Effects in Hydrodynamic Calculations},
	Volume = {4},
	Year = {1969}}

@article{Daly:69,
	Author = {B. J. Daly},
	Date-Added = {2008-05-27 11:20:50 -0400},
	Date-Modified = {2008-05-27 11:20:50 -0400},
	Journal = {Phys. Fluids},
	Pages = {1340--1354},
	Title = {Numerical Study of the Effect of Surface Tension on Interface Instability},
	Volume = {12},
	Year = {1969}}

@article{Hirt:68,
	Author = {C. W. Hirt and J. P. Shannon},
	Date-Added = {2008-05-27 11:20:50 -0400},
	Date-Modified = {2008-05-27 11:20:50 -0400},
	Journal = {J. Comput. Phys.},
	Pages = {403--411},
	Title = {Free-Surface Stress Conditions for Incompressible-Flow Calculations},
	Volume = {2},
	Year = {1968}}

@article{Chan:70,
	Author = {R. K.-C. Chan and R. L. Street},
	Date-Added = {2008-05-27 11:20:50 -0400},
	Date-Modified = {2008-05-27 11:20:50 -0400},
	Journal = {J. Comput. Phys.},
	Pages = {68--94},
	Title = {A Computer Study of Finite-Amplitude Water Waves},
	Volume = {6},
	Year = {1970}}

@article{Amsden:70,
	Author = {A. A. Amsden and F. H. Harlow},
	Date-Added = {2008-05-27 11:20:50 -0400},
	Date-Modified = {2008-05-27 11:20:50 -0400},
	Journal = {J. Comput. Phys.},
	Pages = {322--325},
	Title = {A Simplified MAC Technique for Incompressible Fluid Flow Calculations},
	Volume = {6},
	Year = {1970}}

@article{Foote:73,
	Author = {G. B. Foote},
	Date-Added = {2008-05-27 11:20:50 -0400},
	Date-Modified = {2008-05-27 11:20:50 -0400},
	Journal = {J. Comput. Phys.},
	Pages = {507--530},
	Title = {A Numerical Method for Studying Liquid Drop Behavior: simple Oscillations},
	Volume = {11},
	Year = {1973}}

@article{Foote:75,
	Author = {G. B. Foote},
	Date-Added = {2008-05-27 11:20:50 -0400},
	Date-Modified = {2008-05-27 11:20:50 -0400},
	Journal = {J. Atmos. Sci.},
	Pages = {390--402},
	Title = {The Water Drop Rebound Problem: dynamics of Collision},
	Volume = {32},
	Year = {1975}}

@article{Hirt:70,
	Author = {C. W. Hirt and J. L. Cook and T. D. Butler},
	Date-Added = {2008-05-27 11:20:50 -0400},
	Date-Modified = {2008-05-27 11:20:50 -0400},
	Journal = {J. Comput. Phys.},
	Pages = {103--124},
	Title = {A {L}agrangian method for calculating the dynamics of an incompressible fluid with a free surface},
	Volume = {5},
	Year = {1970}}

@article{Hirt:81,
	Author = {C. W. Hirt and B. D. Nichols},
	Date-Added = {2008-05-27 11:20:50 -0400},
	Date-Modified = {2008-05-27 11:20:50 -0400},
	Journal = {J. Comput. Phys.},
	Pages = {201--226},
	Title = {{Volume of Fluid (VOF)} Method for the Dynamics of Free Boundaries},
	Volume = {39},
	Year = {1981}}

@article{Daly:67,
	Author = {Daly},
	Date-Added = {2008-05-27 11:20:50 -0400},
	Date-Modified = {2008-05-27 11:20:50 -0400},
	Year = {1967}}

@article{Acrivos:92,
	Author = {A. Acrivos and G. K. Batchelor and E. J. Hinch and D. L. Koch and R. Mauri},
	Date-Added = {2008-05-27 11:20:50 -0400},
	Date-Modified = {2008-05-27 11:20:50 -0400},
	Journal = {J. Fluid Mech.},
	Pages = {651--657},
	Title = {Longitudinal shear-induced diffusion of spheres in a dilute suspension},
	Volume = {240},
	Year = {1992}}

@article{Acrivos:90,
	Author = {A. Acrivos and D. J. Jeffrey and D. A. Saville},
	Date-Added = {2008-05-27 11:20:50 -0400},
	Date-Modified = {2008-05-27 11:20:50 -0400},
	Journal = {J. Fluid Mech.},
	Pages = {95--110},
	Title = {Particle Migration in Suspension by Thermocapillary or Electrophoretic Motion},
	Volume = {212},
	Year = {1989}}

@article{Adams:89,
	Author = {J. Adams},
	Date-Added = {2008-05-27 11:20:50 -0400},
	Date-Modified = {2008-05-27 11:20:50 -0400},
	Journal = {Applied Math. and Comput.},
	Pages = {113},
	Title = {MUDPACK: Multigrid FORTRAN Software for the Efficient Solution of Linear Elliptic Partial Differential Equations},
	Volume = {34},
	Year = {1989}}

@article{Beckermann:99,
	Author = {C. Beckermann and H.-J. Diepers and I. Steinbach and A. Karma and X. Tong},
	Date-Added = {2008-05-27 11:20:50 -0400},
	Date-Modified = {2008-05-27 11:20:50 -0400},
	Journal = {J. Comput. Phys.},
	Pages = {468--496},
	Title = {Modeling Melt Convection in Phase-Field Simulations of Solidification},
	Volume = {154},
	Year = {1999}}

@article{Boettinger:94,
	Author = {W. J. Boettinger and A. A. Wheeler and B. T. Murray and G. B. McFadden},
	Date-Added = {2008-05-27 11:20:50 -0400},
	Date-Modified = {2008-05-27 11:20:50 -0400},
	Journal = {Mat. Sci. Eng. A},
	Pages = {217-223},
	Title = {Prediction of Solute Trapping at High Solidification Rates Using a Diffuse Interface Phase-Field Theory of Alloy Solidification},
	Volume = {178},
	Year = {1994}}

@article{Boettinger:02,
	Author = {W. J. Boettinger and J. A. Warren and C. Beckermann and A. Karma},
	Date-Added = {2008-05-27 11:20:50 -0400},
	Date-Modified = {2008-05-27 11:20:50 -0400},
	Journal = {Ann. Rev. Mater. Res.},
	Pages = {163--194},
	Title = {Phase Field Simulations of Solidification},
	Volume = {32},
	Year = {2002}}

@article{Brackbill:92,
	Author = {J. U. Brackbill and D. B. Kothe and C. Zemach},
	Date-Added = {2008-05-27 11:20:50 -0400},
	Date-Modified = {2008-05-27 11:20:50 -0400},
	Journal = {J. Comput. Phys.},
	Pages = {335--354},
	Title = {A Continuum Method for Modeling Surface Tension},
	Volume = {100},
	Year = {1992}}

@article{Chen:97,
	Author = {S. Chen and D.B. Johnson and P.E. Raad and D. Fadda},
	Date-Added = {2008-05-27 11:20:50 -0400},
	Date-Modified = {2008-05-27 11:20:50 -0400},
	Journal = {Int. J. Numer. Meth. Fluids},
	Pages = {749--778},
	Title = {The surface marker and micro cell method},
	Volume = {25},
	Year = {1997}}

@article{Brown:01,
	Author = {D. L. Brown and R. Cortez and M. Minon},
	Date-Added = {2008-05-27 11:20:50 -0400},
	Date-Modified = {2009-06-14 19:28:35 -0400},
	Journal = {J. Comput. Phys.},
	Pages = {464--499},
	Title = {Accurate projection methods for the incompressible {N}avier-{S}tokes equations},
	Volume = {168},
	Year = {2001}}

@article{Coward:97,
	Author = {A. V. Coward and Y. Y. Renardy and M. Renardy and J. R. Richards},
	Date-Added = {2008-05-27 11:20:50 -0400},
	Date-Modified = {2009-06-14 19:30:08 -0400},
	Journal = {J. Comput. Phys.},
	Pages = {346--361},
	Title = {Temporal evolution of periodic disturbances in two-layer {C}ouette flow},
	Volume = {132},
	Year = {1997}}

@article{Chang:96,
	Author = {Y. C. Chang and T. Y. Hou and B. Merriman and S. Osher},
	Date-Added = {2008-05-27 11:20:50 -0400},
	Date-Modified = {2009-06-14 19:28:56 -0400},
	Journal = {J. Comput. Phys.},
	Pages = {449--464},
	Title = {Temporal Evolution of Periodic Disturbances in Two-Layer {C}ouette Flow},
	Volume = {124},
	Year = {1996}}

@article{Dandy:89,
	Author = {D. S. Dandy and G. L. Leal},
	Date-Added = {2008-05-27 11:20:50 -0400},
	Date-Modified = {2008-05-27 11:20:50 -0400},
	Journal = {J. Fluid Mech.},
	Pages = {161--192},
	Title = {Buoyancy-Driven Motion of a Deformable Drop Through a Quiescent Liquid at Intermediate {R}eynolds Numbers},
	Volume = {208},
	Year = {1989}}

@article{Drew:93,
	Author = {D. A. Drew and R. T. Lahey, Jr.},
	Date-Added = {2008-05-27 11:20:50 -0400},
	Date-Modified = {2008-05-27 11:20:50 -0400},
	Editor = {M. C. Roco},
	Journal = {In: Particulate Two-phase flow},
	Pages = {509--566},
	Publisher = {Butterworth-Heinemann},
	Title = {Analytical modeling of multiphase flow},
	Year = {1993}}

@article{Eggers:95,
	Author = {J. Eggers},
	Date-Added = {2008-05-27 11:20:50 -0400},
	Date-Modified = {2008-05-27 11:20:50 -0400},
	Journal = {Phys. Fluids},
	Pages = {941--953},
	Title = {Theory of drop formation},
	Volume = {7},
	Year = {1995}}

@article{Fadlun:00,
	Author = {E. A. Fadlun and R. Verzicco and P. Orlandi and J. Mohd-Yusof},
	Date-Added = {2008-05-27 11:20:50 -0400},
	Date-Modified = {2009-06-14 19:31:17 -0400},
	Journal = {J. Comput. Phys.},
	Pages = {35--60},
	Title = {Combined immersed-boundary finite-difference methods for three-dimensional complex flow simulations},
	Volume = {161},
	Year = {2000}}

@article{Farago:92,
	Author = {Z. Farago and N. Chigier},
	Date-Added = {2008-05-27 11:20:50 -0400},
	Date-Modified = {2008-05-27 11:20:50 -0400},
	Journal = {Atomization and Sprays},
	Pages = {137--153},
	Title = {Morphological Classification of Disintegration of Round Liquid Jets in a Coaxial Air Stream},
	Volume = {2},
	Year = {1992}}

@article{Feng:94,
	Author = {J. Feng and H. H. Hu and D. D. Joseph},
	Date-Added = {2008-05-27 11:20:50 -0400},
	Date-Modified = {2008-05-27 11:20:50 -0400},
	Journal = {J. Fluid Mech.},
	Pages = {95--134},
	Title = {Direct Simulation of Initial Value Problems for the Motion of Solid Bodies in a {N}ewtonian Fluid. {P}art 1. {S}edimation},
	Volume = {261},
	Year = {1994}}

@article{Feng:95,
	Author = {J. Feng and H. H. Hu and D. D. Joseph},
	Date-Added = {2008-05-27 11:20:50 -0400},
	Date-Modified = {2008-05-27 11:20:50 -0400},
	Journal = {J. Fluid Mech.},
	Pages = {271--301},
	Title = {Direct Simulation of Initial Value Problems for the Motion of Solid Bodies in a {N}ewtonian Fluid. {P}art 2. {C}ouette and {P}oiseuille Flows},
	Volume = {277},
	Year = {1995}}

@article{Fortes:87,
	Author = {A. Fortes and D. D. Joseph and T. Lundgren},
	Date-Added = {2008-05-27 11:20:50 -0400},
	Date-Modified = {2008-05-27 11:20:50 -0400},
	Journal = {J. Fluid Mech.},
	Pages = {467--483},
	Title = {Nonlinear mechanics of fluidization of beds of spherical particles},
	Volume = {177},
	Year = {1987}}

@article{Fukai:95,
	Author = {J. Fukai and Y. Shiiba and T. Yamamoto and O. Miyatake and D. Poulikakos and C. M. Megaridis and Z. Zhao},
	Date-Added = {2008-05-27 11:20:50 -0400},
	Date-Modified = {2008-05-27 11:20:50 -0400},
	Journal = {Phys. Fluids},
	Pages = {236--247},
	Title = {Wetting Effects on the Spreading of a Liquid Droplet Colliding with a Flat Surface: experiment and Modeling},
	Volume = {7},
	Year = {1995}}

@article{Glicksman:86,
	Author = {M. E. Glicksman and S. R. Coriell and G. B. McFadden},
	Date-Added = {2008-05-27 11:20:50 -0400},
	Date-Modified = {2008-05-27 11:20:50 -0400},
	Journal = {Ann. Rev. Fluid Mech.},
	Pages = {307--335},
	Title = {Interaction of Flows with the Crystal-Melt Interface},
	Volume = {18},
	Year = {1986}}

@article{Glimm:01,
	Author = {J. Glimm and J. W. Grove and X. L. Li and W. Oh and D. H. Sharp},
	Date-Added = {2008-05-27 11:20:50 -0400},
	Date-Modified = {2008-05-27 11:20:50 -0400},
	Journal = {J. Comput. Phys.},
	Pages = {652-677},
	Title = {A critical analysis of {R}ayleigh-{T}aylor growth rates},
	Volume = {169},
	Year = {2001}}

@article{Glowinski:01,
	Author = {R. Glowinski and T. W. Pan and T. I. Helsa and D. D. Joseph and J. Periaux},
	Date-Added = {2008-05-27 11:20:50 -0400},
	Date-Modified = {2008-05-27 11:20:50 -0400},
	Journal = {J. Comput. Phys.},
	Pages = {363-426},
	Title = {A fictitious domain approach to the direct numerical simulation of incompressible viscous flow past moving rigid bodies: application to particulate flow},
	Volume = {169},
	Year = {2001}}

@article{Harper:72,
	Author = {J. F. Harper},
	Date-Added = {2008-05-27 11:20:50 -0400},
	Date-Modified = {2008-05-27 11:20:50 -0400},
	Journal = {Adv. Appl. Mech.},
	Pages = {59-},
	Title = {The Motion of Bubbles and Drops through Liquids},
	Volume = {12},
	Year = {1972}}

@article{Harper:73,
	Author = {J. F. Harper},
	Date-Added = {2008-05-27 11:20:50 -0400},
	Date-Modified = {2008-05-27 11:20:50 -0400},
	Journal = {J. Fluid Mech.},
	Pages = {539-},
	Title = {On Bubbles with Small Immobile Adsorbed Films Rising in Liquids at Low {R}eynolds Numbers},
	Volume = {58},
	Year = {1973}}

@article{Harper:97,
	Author = {J. F. Harper},
	Date-Added = {2008-05-27 11:20:50 -0400},
	Date-Modified = {2008-05-27 11:20:50 -0400},
	Journal = {J. Fluid Mech.},
	Pages = {289-300},
	Title = {Bubbles rising in line: why is the first approximation so bad?},
	Volume = {351},
	Year = {1997}}

@article{Hu:96,
	Author = {H. H. Hu},
	Date-Added = {2008-05-27 11:20:50 -0400},
	Date-Modified = {2008-05-27 11:20:50 -0400},
	Journal = {Int. J. Multiphase Flow},
	Pages = {335-352},
	Title = {Direct Simulation of Flows of Solid-Liquid Mixtures},
	Volume = {22},
	Year = {1996}}

@article{Hu:01,
	Author = {H. H. Hu and N. A. Patankar and M. Y. Zhu},
	Date-Added = {2008-05-27 11:20:50 -0400},
	Date-Modified = {2008-05-27 11:20:50 -0400},
	Journal = {J. Comput. Phys.},
	Pages = {427--462},
	Title = {Direct Numerical Simulations of Fluid-Solid Systems Using Arbitrary-{L}agrangian-{E}ularian Techniques},
	Volume = {169},
	Year = {2001}}

@article{Jacqmin:99,
	Author = {D. Jacqmin},
	Date-Added = {2008-05-27 11:20:50 -0400},
	Date-Modified = {2008-05-27 11:20:50 -0400},
	Journal = {J. Comput. Phys.},
	Pages = {96--127},
	Title = {Calculation of two-phase {N}avier-{S}tokes flows using phase-field modeling},
	Volume = {155},
	Year = {1999}}

@article{Jacqmin:00,
	Author = {D. Jacqmin},
	Date-Added = {2008-05-27 11:20:50 -0400},
	Date-Modified = {2008-05-27 11:20:50 -0400},
	Journal = {J. Fluid Mech.},
	Pages = {57--88},
	Title = {Contact-line dynamics of a diffuse fluid interface},
	Volume = {402},
	Year = {2000}}

@article{Kang:87,
	Author = {I. S. Kang and L. G. Leal},
	Date-Added = {2008-05-27 11:20:50 -0400},
	Date-Modified = {2008-05-27 11:20:50 -0400},
	Journal = {Phys. Fluids},
	Pages = {1929--1940},
	Title = {Numerical Solution of Axisymmetric, Unsteady Free-Boundary Problems at Finite {R}eynolds Number. {I}. {F}inite-Difference Scheme and its Applications to the Deformation of a Bubble in a Uniaxial Straining Flow},
	Volume = {30},
	Year = {1987}}

@article{Mcqueen:89,
	Author = {D. M. McQueen and C. S. Peskin},
	Date-Added = {2008-05-27 11:20:50 -0400},
	Date-Modified = {2009-06-14 19:36:28 -0400},
	Journal = {J. Comput. Phys.},
	Pages = {289--297},
	Title = {A three-dimensional computational method for blood flow in the heart: (II) contractile fibers},
	Volume = {82},
	Year = {1989}}

@article{Tomiyama:93,
	Author = {A. Tomiyama and I. Zun and A. Sou and T. Sakaguchi},
	Date-Added = {2008-05-27 11:20:50 -0400},
	Date-Modified = {2008-05-27 11:20:50 -0400},
	Journal = {Nucl. Engr. and Design},
	Pages = {69--82},
	Title = {Numerical Analysis of bubble motion with the {VOF} method},
	Volume = {141},
	Year = {1993}}

@article{Ye:99,
	Author = {T. Ye and R. Mittal and H. S. Udaykumar and W. Shyy},
	Date-Added = {2008-05-27 11:20:50 -0400},
	Date-Modified = {2008-05-27 11:20:50 -0400},
	Journal = {J. Comput. Phys.},
	Pages = {209--240},
	Title = {An accurate Cartesian grid method for viscous incompressible flows with complex immersed boundaries},
	Volume = {156},
	Year = {1999}}

@article{Wheeler:95,
	Author = {A. A. Wheeler and N. A. Ahmad and W. J. Boettinger and R. J. Braun and G. B. McFadden and B. T. Murray},
	Date-Added = {2008-05-27 11:20:50 -0400},
	Date-Modified = {2008-05-27 11:20:50 -0400},
	Journal = {Adv. Space Res.},
	Pages = {163--172},
	Title = {Recent Development in Phase-Field Models of Solidification},
	Volume = {16},
	Year = {1995}}

@article{Yabe:01,
	Author = {T. Yabe and F. Xiao and T. Utsumi},
	Date-Added = {2008-05-27 11:20:50 -0400},
	Date-Modified = {2008-05-27 11:20:50 -0400},
	Journal = {J. Comput. Phys.},
	Pages = {556--593},
	Title = {The Constrained Interpolation Profile ({CIP}) Method for Multi-Phase Analysis},
	Volume = {169},
	Year = {2001}}

@inproceedings{Yabe:97,
	Address = {Tokyo},
	Author = {T. Yabe},
	Booktitle = {Proceedings Conf. High-Perfomance Computing on Multi-phase Flow},
	Date-Added = {2008-05-27 11:20:50 -0400},
	Date-Modified = {2008-05-27 11:20:50 -0400},
	Title = {Interface capturing and universal solution of solid, liquid and gas by the {CIP} method},
	Year = {1997}}

@article{Zaleski:95,
	Author = {S. Zaleski and J. Li and S. Succi},
	Date-Added = {2008-05-27 11:20:50 -0400},
	Date-Modified = {2008-05-27 11:20:50 -0400},
	Journal = {Phys. Rev. Lett.},
	Pages = {244--247},
	Title = {2-Dimensional {N}avier-{S}tokes Simulation of Deformation and Breakup of Liquid Patches},
	Volume = {75},
	Year = {1995}}

@article{Zhou:93,
	Author = {H. Zhou and C. Pozrikidis},
	Date-Added = {2008-05-27 11:20:50 -0400},
	Date-Modified = {2008-05-27 11:20:50 -0400},
	Journal = {J. Fluid Mech.},
	Pages = {103--127},
	Title = {The Flow of Ordered and Random Suspensions of Two-Dimensional Drops in a Channel},
	Volume = {255},
	Year = {1993}}

@article{Zhou:94,
	Author = {H. Zhou and C. Pozrikidis},
	Date-Added = {2008-05-27 11:20:50 -0400},
	Date-Modified = {2008-05-27 11:20:50 -0400},
	Journal = {Phys. Fluids},
	Pages = {80--94},
	Title = {Pressure-Driven Flow of Suspensions of Liquid Drops},
	Volume = {6},
	Year = {1994}}

@article{Chahine:92,
	Author = {G. L. Chahine and R. Duraiswami},
	Date-Added = {2008-05-27 11:20:50 -0400},
	Date-Modified = {2008-05-27 11:20:50 -0400},
	Journal = {ASME J. Fluids Eng.},
	Pages = {680-686},
	Title = {Dynamic Interactions in a Multibubble Cloud},
	Volume = {114 (4)},
	Year = {1992}}

@article{Boultonstone:93,
	Author = {J. M. Boulton-Stone and J. R. Blake},
	Date-Added = {2008-05-27 11:20:50 -0400},
	Date-Modified = {2008-05-27 11:20:50 -0400},
	Journal = {J. Fluid Mech.},
	Pages = {437-466},
	Title = {Gas-bubbles bursting at a free-surface},
	Volume = {254},
	Year = {1993}}

@article{Hyman:84,
	Author = {J. {M. Hyman}},
	Date-Added = {2008-05-27 11:20:50 -0400},
	Date-Modified = {2008-05-27 11:20:50 -0400},
	Journal = {Physica D},
	Pages = {396-407},
	Title = {Numerical Methods for Tracking Interfaces},
	Volume = {12},
	Year = {1984}}

@article{Anderson:98,
	Author = {D. M. Anderson and G. B. McFadden and A. A. Wheeler},
	Date-Added = {2008-05-27 11:20:50 -0400},
	Date-Modified = {2008-05-27 11:20:50 -0400},
	Journal = {Ann. Rev. Fluid Mech.},
	Pages = {139--165},
	Title = {Diffuse-interface methods in fluid mechanics},
	Volume = {30},
	Year = {1998}}

@article{Baker:82,
	Author = {G. R. Baker and D. I. Meiron and S. A. Orszag},
	Date-Added = {2008-05-27 11:20:50 -0400},
	Date-Modified = {2008-05-27 11:20:50 -0400},
	Journal = {J. Fluid Mech.},
	Pages = {477},
	Title = {Generalized vortex methods for free surface flows problems},
	Volume = {123},
	Year = {1982}}

@article{Baker:80,
	Author = {G. R. Baker and D. I. Meiron and S. A. Orszag},
	Date-Added = {2008-05-27 11:20:50 -0400},
	Date-Modified = {2008-05-27 11:20:50 -0400},
	Journal = {Phys. Fluids},
	Pages = {1485--1490},
	Title = {Vortex simulation of the {R}ayleigh-{T}aylor instability},
	Volume = {23},
	Year = {1980}}

@article{Choi:01,
	Author = {H. G. Choi and D. D. Joseph},
	Date-Added = {2008-05-27 11:20:50 -0400},
	Date-Modified = {2008-05-27 11:20:50 -0400},
	Journal = {J. Fluid Mech.},
	Pages = {101--128},
	Title = {Fluidization by lift of 300 circular particles in plane {P}oiseuille flow by direct numerical simulation},
	Volume = {438},
	Year = {2001}}

@article{Youngren:76,
	Author = {G. K. Youngren and A. Acrivos},
	Date-Added = {2008-05-27 11:20:50 -0400},
	Date-Modified = {2008-05-27 11:20:50 -0400},
	Journal = {J. Fluid Mech.},
	Pages = {433},
	Title = {On the shape of a gas bubble in a viscous extensional flow},
	Volume = {76},
	Year = {1976}}

@article{DeGregoria:85,
	Author = {A. J. DeGregoria and L. W. Schwartz},
	Date-Added = {2008-05-27 11:20:50 -0400},
	Date-Modified = {2008-05-27 11:20:50 -0400},
	Journal = {Phys. Fluids},
	Pages = {2313},
	Title = {Finger breakup in {H}ele-{S}haw cells},
	Volume = {28},
	Year = {1985}}

@article{Chapman:72,
	Author = {R. B. Chapman and M. S. Plesset},
	Date-Added = {2008-05-27 11:20:50 -0400},
	Date-Modified = {2008-05-27 11:20:50 -0400},
	Journal = {Trans. ASME, J. Basic Eng.},
	Pages = {142},
	Title = {Nonlinear effects in the collaps of a nearly spherical cavity in a liquid},
	Volume = {94},
	Year = {1972}}

@article{Bradley:78,
	Author = {S. G. Bradley and C. D. Stow},
	Date-Added = {2008-05-27 11:20:50 -0400},
	Date-Modified = {2008-05-27 11:20:50 -0400},
	Journal = {Phil. Trans. R. Soc. Lond. A},
	Pages = {635},
	Title = {Collision between liquid drops},
	Volume = {287},
	Year = {1978}}

@article{Ashgriz:91,
	Author = {N. Ashgriz and J. Y. Poo},
	Date-Added = {2008-05-27 11:20:50 -0400},
	Date-Modified = {2008-05-27 11:20:50 -0400},
	Journal = {J. Comput. Phys.},
	Pages = {449--468},
	Title = {{FLAIR}: Flux Line-Segment model for advection and interface reconstruction},
	Volume = {93},
	Year = {1991}}

@article{Berenson:61,
	Author = {P. J. Berenson},
	Date-Added = {2008-05-27 11:20:50 -0400},
	Date-Modified = {2008-05-27 11:20:50 -0400},
	Journal = {J. Heat Transfer},
	Pages = {351--358},
	Title = {Film Boiling Heat Transfer From a Horizontal Surface},
	Volume = {83},
	Year = {1961}}

@article{Yoon:01,
	Author = {H. Y. Yoon and S. Koshizuka and Y. Oka},
	Date-Added = {2008-05-27 11:20:50 -0400},
	Date-Modified = {2008-05-27 11:20:50 -0400},
	Journal = {Int. J. Multiphase Flow},
	Pages = {277--298},
	Title = {Direct calculation of bubble growth, departure, and rise in nucleate pool boiling},
	Volume = {27},
	Year = {2001}}

@article{Bouissou:89,
	Author = {Ph. Bouissou and B. Perrin and P. Tabeling},
	Date-Added = {2008-05-27 11:20:50 -0400},
	Date-Modified = {2008-05-27 11:20:50 -0400},
	Journal = {Phys. Rev A},
	Pages = {509},
	Title = {Influence of an external flow on dendritic crystal growth,},
	Volume = {40},
	Year = {1989}}

@article{Brady:88,
	Author = {J. F. Brady and G. Bossis},
	Date-Added = {2008-05-27 11:20:50 -0400},
	Date-Modified = {2008-05-27 11:20:50 -0400},
	Journal = {Ann. Rev. Fluid Mech.},
	Pages = {111--157},
	Title = {Stokesian Dynamics},
	Volume = {20},
	Year = {1988}}

@article{Zhang:94,
	Author = {D. Z. Zhang and A. Prosperetti},
	Date-Added = {2008-05-27 11:20:50 -0400},
	Date-Modified = {2008-05-27 11:20:50 -0400},
	Journal = {Phys. Fluids},
	Pages = {2956--2970},
	Title = {Ensemble phase-averaged equations for bubbly flows},
	Volume = {6},
	Year = {1994}}

@article{Maxey:97,
	Author = {M. R. Maxey and B. K. Patel and E. J. Chang and L. P. Wang},
	Date-Added = {2008-05-27 11:20:50 -0400},
	Date-Modified = {2008-05-27 11:20:50 -0400},
	Journal = {Fluid Dyn. Research},
	Pages = {143--156},
	Title = {Simulations of dispersed turbulent multiphase flow},
	Volume = {20},
	Year = {1997}}

@article{Kanai:01,
	Author = {A. Kanai and H. Miyata},
	Date-Added = {2008-05-27 11:20:50 -0400},
	Date-Modified = {2008-05-27 11:20:50 -0400},
	Journal = {Int. J. Num. Meth. Fluids},
	Pages = {593--615},
	Title = {Direct numerical simulation of wall turbulent flows with microbubbles},
	Volume = {35},
	Year = {2001}}

@article{Almgren:93,
	Author = {R. Almgren},
	Date-Added = {2008-05-27 11:20:50 -0400},
	Date-Modified = {2008-05-27 11:20:50 -0400},
	Journal = {J. Comput. Phys.},
	Pages = {337--354},
	Title = {Variational Algorithms and Pattern Formation in Dendritic Solidification},
	Volume = {106},
	Year = {1993}}

@article{Ellingsen:01,
	Author = {K. Ellingsen and F. Risso},
	Date-Added = {2008-05-27 11:20:50 -0400},
	Date-Modified = {2008-05-27 11:20:50 -0400},
	Journal = {J. Fluid Mech.},
	Pages = {235--268},
	Title = {On the rise of an ellipsoidal bubble in water: oscillatory paths and liquid-induced velocity},
	Volume = {440},
	Year = {2001}}

@article{Floyrian:89,
	Author = {J. M. Floryan and H. Rasmussen},
	Date-Added = {2008-05-27 11:20:50 -0400},
	Date-Modified = {2008-05-27 11:20:50 -0400},
	Journal = {Appl. Mech. Rev.},
	Pages = {323--341},
	Title = {Numerical Analysis of Viscous Flows with Free Surfaces},
	Volume = {42},
	Year = {1989}}

@article{Blake:81,
	Author = {J. R. Blake and D. C. Gibson},
	Date-Added = {2008-05-27 11:20:50 -0400},
	Date-Modified = {2008-05-27 11:20:50 -0400},
	Journal = {J. Fluid Mech.},
	Pages = {123--140},
	Title = {Growth and collapse of a vapour cavity near a free surface},
	Volume = {111},
	Year = {1981}}

@article{Blake:87,
	Author = {J. R. Blake and D. C. Gibson},
	Date-Added = {2008-05-27 11:20:50 -0400},
	Date-Modified = {2008-05-27 11:20:50 -0400},
	Journal = {Ann. Rev. Fluid Mech.},
	Pages = {99--123},
	Title = {Cavitation bubbles near boundaries},
	Volume = {19},
	Year = {1987}}

@inproceedings{Coriell:93,
	Author = {S. R. Coriell and G. B. McFadden},
	Booktitle = {Handbook of Crystal Growth},
	Date-Added = {2008-05-27 11:20:50 -0400},
	Date-Modified = {2008-05-27 11:20:50 -0400},
	Editor = {D. T. J. Hurle},
	Pages = {785--857},
	Publisher = {Elsevier},
	Title = {Morphological Stability},
	Volume = {1B},
	Year = {1993}}

@inproceedings{Youngs:82,
	Address = {New York},
	Author = {D. L. Youngs},
	Booktitle = {Numerical methods for fluid dynamics},
	Date-Added = {2008-05-27 11:20:50 -0400},
	Date-Modified = {2008-05-27 11:20:50 -0400},
	Editor = {K. M. Morton and M. J. Baines},
	Pages = {27--39},
	Publisher = {Academic Press},
	Title = {Time dependent multimaterial flow with large fluid distortion},
	Year = 1982}

@techreport{Birkhoff:54,
	Author = {G. Birkhoff},
	Date-Added = {2008-05-27 11:20:50 -0400},
	Date-Modified = {2008-05-27 11:20:50 -0400},
	Institution = {Los Alamos Scientific Laboratory},
	Note = {(unpublished)},
	Title = {Taylor instability and laminar mixing},
	Type = {Rep. {LA}-1862; appendices in {Rep. LA}-1927},
	Year = {1954}}

@techreport{DeBar:74,
	Author = {R. DeBar},
	Date-Added = {2008-05-27 11:20:50 -0400},
	Date-Modified = {2008-05-27 11:20:50 -0400},
	Institution = {{LLNL}},
	Title = {Fundamentals of the {KRAKEN} Code},
	Type = {Technical Report UCIR-760},
	Year = {1974}}

@article{Bagchi:02,
	Author = {P. Bagchi and S. Balachandar},
	Date-Added = {2008-05-27 11:20:50 -0400},
	Date-Modified = {2008-05-27 11:20:50 -0400},
	Journal = {Phys. Fluids},
	Pages = {2719-2737},
	Title = {Effect of free rotation on the motion of a solid sphere in linear shear flow at moderate Re},
	Volume = {14},
	Year = {2002}}

@article{Glimm:85,
	Author = {J. Glimm and O. McBryan},
	Date-Added = {2008-05-27 11:20:50 -0400},
	Date-Modified = {2008-05-27 11:20:50 -0400},
	Journal = {Adv. Appl. Math.},
	Pages = {422--435},
	Title = {A computational model for interfaces},
	Volume = {6},
	Year = {1985}}

@article{Glimm:86,
	Author = {I.-L. Chern and J. Glimm and O. McBryan and B. Plohr and S. Yaniv},
	Date-Added = {2008-05-27 11:20:50 -0400},
	Date-Modified = {2008-05-27 11:20:50 -0400},
	Journal = {J. Comput. Phys.},
	Pages = {83--110},
	Title = {Front tracking for gas dynamics},
	Volume = {62},
	Year = {1986}}

@article{Glimm:82,
	Author = {J. Glimm},
	Date-Added = {2008-05-27 11:20:50 -0400},
	Date-Modified = {2008-05-27 11:20:50 -0400},
	Journal = {Advances in Scientific Computing, R. E. Meyer, ed., Academic Press, New York},
	Pages = {xx},
	Title = {Tracking of interfaces in fluid flow: Accurate methods for piecewise smooth problems, transonic shock and multidimensional flows},
	Year = {1982}}

@article{LeVeque:03,
	Author = {L. Lee and R. J. LeVeque},
	Date-Added = {2008-05-27 11:20:50 -0400},
	Date-Modified = {2008-05-27 11:20:50 -0400},
	Journal = {SIAM Journal on Scientific Computing},
	Pages = {832--856},
	Title = {An Immersed Interface Method for Incompressible {N}avier--{S}tokes Equations},
	Volume = {25},
	Year = {2003}}

@article{Fedkiw:99,
	Author = {R. Fedkiw and T. Aslam and B. Merriman and S. Osher},
	Date-Added = {2008-05-27 11:20:50 -0400},
	Date-Modified = {2008-05-27 11:20:50 -0400},
	Journal = {J. Comput. Phys.},
	Pages = {457--492},
	Title = {A Non-Oscillatory {E}ulerian Approach to Interfaces in Multimaterial Flows (The Ghost Fluid Method)},
	Volume = {152},
	Year = {1999}}

@article{Brady:02,
	Author = {A. Sierou and J. F. Brady},
	Date-Added = {2008-05-27 11:20:50 -0400},
	Date-Modified = {2008-05-27 11:20:50 -0400},
	Journal = {J. Rheology},
	Pages = {1031--1056},
	Title = {Rheology and microstructure in concentrated noncolloidal suspensions},
	Volume = {46},
	Year = {2002}}

@article{Maxey:83,
	Author = {M. R. Maxey and J. J. Riley},
	Date-Added = {2008-05-27 11:20:50 -0400},
	Date-Modified = {2008-05-27 11:20:50 -0400},
	Journal = {Phys. Fluids},
	Pages = {883--889},
	Title = {Equation of motion for a small rigid sphere in a nonuniform flow},
	Volume = {26},
	Year = {1983}}

@article{Merkle:90,
	Author = {C.L. Merkle and S. Deutsch},
	Date-Added = {2008-05-27 11:20:50 -0400},
	Date-Modified = {2008-05-27 11:20:50 -0400},
	Journal = {Progress in Astraunautics and Aeronautics},
	Pages = {351--412},
	Title = {Drag reduction in Liquid Boundary Layers by Gas Injection},
	Volume = {123},
	Year = {1990}}

@article{Antal:91,
	Author = {S. P. Antal and R. T. Lahey and J. E. Flaherty},
	Date-Added = {2008-05-27 11:20:50 -0400},
	Date-Modified = {2008-05-27 11:20:50 -0400},
	Journal = {Int. J. Multiphase Flow},
	Pages = {635-652},
	Title = {Analysis of phase distribution in fully developed laminar bubbly two-phase flows},
	Volume = {15},
	Year = {1991}}

@article{deVries:04,
	Author = {A. W. G. de Vries and A. Biesheuvel and L. van Wijngaarden},
	Date-Added = {2008-05-27 11:20:50 -0400},
	Date-Modified = {2008-05-27 11:20:50 -0400},
	Journal = {Int. J. Multiphase Flow},
	Pages = {1823-1835},
	Title = {Notes on the path and wake of a gas bubble rising in pure water},
	Volume = {28},
	Year = {2004}}

@inproceedings{Badalassi:00,
	Author = {V. Badalassi and H. Takahira and S. Banerjee},
	Booktitle = {Proceedings of the Fifth Microgravity Fluid Physics and Transport Phenomena Conference, NASA Glenn Research Center, Cleveland, OH, CP-2000-210470},
	Date-Added = {2008-05-27 11:20:50 -0400},
	Date-Modified = {2008-05-27 11:20:50 -0400},
	Pages = {912-914},
	Title = {Numerical simulation of three dimensional bubble growth and detachment in a microgravity shear flow},
	Year = {2000}}

@article{Druzhinin:01,
	Author = {O. A. Druzhinin and S. E. Elghobashi},
	Date-Added = {2008-05-27 11:20:50 -0400},
	Date-Modified = {2008-05-27 11:20:50 -0400},
	Journal = {J. Fluid Mech.},
	Pages = {23-61},
	Title = {Direct numerical simulation of a three-dimensional spatially-developing bubble-laden mixing layer with two-way coupling},
	Volume = {429},
	Year = {2001}}

@article{Ferziger:03,
	Author = {J. H. Ferziger},
	Date-Added = {2008-05-27 11:20:50 -0400},
	Date-Modified = {2008-05-27 11:20:50 -0400},
	Journal = {Int J. Numerical Methods in Fluids},
	Pages = {551--560},
	Title = {Interfacial transfer in {T}ryggvason's method},
	Volume = {41},
	Year = {2003}}

@article{Pilliod:97,
	Author = {J. E. Pilliod and E. G. Puckett},
	Date-Added = {2008-05-27 11:20:50 -0400},
	Date-Modified = {2008-05-27 11:20:50 -0400},
	Journal = {Lawrence Berkeley National Laboratory Technical Report No. LBNL-40744 (submitted to J. Comput. Phys.)},
	Title = {Second-Order Accurate Volume-of-Fluid Algorithms for Tracking Material Interfaces},
	Year = {1997}}

@article{Zalesak:79,
	Author = {S. T. Zalesak},
	Date-Added = {2008-05-27 11:20:50 -0400},
	Date-Modified = {2008-05-27 11:20:50 -0400},
	Journal = {J. Comput. Phys.},
	Pages = {335--362},
	Title = {Fully multidimensional flux-corrected transport algorithms for fluids},
	Volume = {31},
	Year = {1979}}

@inproceedings{Fritts:83,
	Author = {M. J. Fritts and D. E. Fyre and E. S. Oran},
	Booktitle = {NASA CR-168263},
	Date-Added = {2008-05-27 11:20:50 -0400},
	Date-Modified = {2008-05-27 11:20:50 -0400},
	Title = {Numerical simulations of fuel droplet flows using a Langrangian triangular mesh},
	Year = {1983}}

@article{Colella:84,
	Author = {P. Colella and P. R. Woodward},
	Date-Added = {2008-05-27 11:20:50 -0400},
	Date-Modified = {2008-05-27 11:20:50 -0400},
	Journal = {J. Comput. Phys.},
	Pages = {174--201},
	Title = {The Piecewise Parabolic Method ({PPM}) for Gas Dynamical Simulations,},
	Volume = {54},
	Year = {1984}}

@article{Chorin:68,
	Author = {A. J. Chorin},
	Date-Added = {2008-05-27 11:20:50 -0400},
	Date-Modified = {2008-05-27 11:20:50 -0400},
	Journal = {Math. Comput.},
	Pages = {745-762},
	Title = {Numerical solutions of the {N}avier {S}tokes equations},
	Volume = {22},
	Year = {1968}}

@misc{Goktekin:04,
	Author = {T. G. Goktekin and A. W. Bargteil and J. F. O'{B}rien},
	Date-Added = {2008-05-27 11:20:50 -0400},
	Date-Modified = {2008-05-27 11:20:50 -0400},
	Howpublished = {ACM Siggraph},
	Title = {A Method for Animating Viscoelastic Fluids},
	Year = {2004}}

@misc{Carlson:04,
	Author = {M. Carlson and P. Mucha and G. Turk},
	Date-Added = {2008-05-27 11:20:50 -0400},
	Date-Modified = {2008-05-27 11:20:50 -0400},
	Howpublished = {ACM Siggraph},
	Title = {Rigid Fluid: Animating the interplay between rigid bodies and fluid},
	Year = {2004}}

@article{Dhir:01,
	Author = {V. Dhir},
	Date-Added = {2008-05-27 11:20:50 -0400},
	Date-Modified = {2008-05-27 11:20:50 -0400},
	Journal = {A. I. Ch. E. Journal},
	Pages = {813--834},
	Title = {Numerical simulations of pool-boiling heat transfer},
	Volume = {47},
	Year = {2001}}

@article{Hu:99,
	Author = {F. Hu and M. Y. Hussaini and P. Rasetarinera},
	Date-Added = {2008-05-27 11:20:50 -0400},
	Date-Modified = {2009-06-14 19:32:39 -0400},
	Journal = {J. Comput. Phys.},
	Pages = {921-946},
	Title = {An analysis of the discontinuous galerkin method for wave propagation problems},
	Volume = {151},
	Year = {1999}}

@article{Zhang:03,
	Author = {Z. Zhang and A. Prosperetti},
	Date-Added = {2008-05-27 11:20:50 -0400},
	Date-Modified = {2008-05-27 11:20:50 -0400},
	Journal = {J. Appl. Mech.},
	Pages = {64--74},
	Title = {A method for particle simulations},
	Volume = {70},
	Year = {2003}}

@article{James:04,
	Author = {A. J. James and J. Lowengrub},
	Date-Added = {2008-05-27 11:20:50 -0400},
	Date-Modified = {2009-06-14 19:32:58 -0400},
	Journal = {J. Comput. Phys.},
	Pages = {685-722},
	Title = {A surfactant-conserving volume-of-fluid method for interfacial flows with insoluble surfactant},
	Volume = {201},
	Year = {2004}}

@article{Zheng:05,
	Author = {X. Zheng and J. Lowengrub and A. Anderson and V. Cristini},
	Date-Added = {2008-05-27 11:20:50 -0400},
	Date-Modified = {2009-06-14 19:42:52 -0400},
	Journal = {J. Comput. Phys.},
	Pages = {626-650},
	Title = {Adaptive unstructured volume remeshing - II: Application to two- and three-dimensional level-set simulations of multiphase flow},
	Volume = {208},
	Year = {2005}}

@article{Aulisa:04,
	Author = {E. Aulisa and S. Manservisi and R. Scardovelli},
	Date-Added = {2008-05-27 11:20:50 -0400},
	Date-Modified = {2009-06-14 19:27:48 -0400},
	Journal = {J. Comput. Phys.},
	Pages = {555-584},
	Title = {A surface marker algorithm coupled to an area-preserving marker redistribution method for three-dimensional interface tracking},
	Volume = {197},
	Year = {2004}}

@article{Aulisa:03,
	Author = {E. Aulisa and S. Manservisi and R. Scardovelli},
	Date-Added = {2008-05-27 11:20:50 -0400},
	Date-Modified = {2009-06-14 19:27:38 -0400},
	Journal = {J. Comput. Phys.},
	Pages = {611--639},
	Title = {A mixed markers and volume-of-fluid method for the reconstruction and advection of interfaces in two-phase and free-boundary flows},
	Volume = {188},
	Year = {2003}}

@book{Furusaki:01,
	Author = {S. Furusaki and L.-S. Fan and J. Garside},
	Date-Added = {2008-05-27 11:20:34 -0400},
	Date-Modified = {2008-05-27 11:20:34 -0400},
	Publisher = {Taylor and Francis},
	Title = {The Expanding World of Chemical Engineering (2nd ed)},
	Year = {2001}}

@book{Deckwer:92,
	Author = {W.-D. Deckwer},
	Date-Added = {2008-05-27 11:20:34 -0400},
	Date-Modified = {2008-05-27 11:20:34 -0400},
	Publisher = {Wiley},
	Title = {Bubble Column Reactors},
	Year = {1992}}

@book{Osher:02,
	Author = {S. Osher and R. Fedkiw},
	Date-Added = {2008-05-27 11:20:34 -0400},
	Date-Modified = {2008-05-27 11:20:34 -0400},
	Publisher = {Springer},
	Title = {Level Set Methods and Dynamic Implicit Surfaces},
	Year = {2002}}

@article{Osher:91,
	Author = {S. Osher and C.-W. Shu},
	Date-Added = {2008-05-27 11:20:34 -0400},
	Date-Modified = {2008-05-27 11:20:34 -0400},
	Journal = {SIAM Journal on Numerical Analysis},
	Pages = {907 - 922},
	Title = {High-order essentially nonsocillatory schemes for {H}amilton-{J}acobi equations},
	Volume = {28},
	Year = {1991}}

@article{Christiansen:73,
	Author = {J.P. Christiansen},
	Date-Added = {2008-05-27 11:20:34 -0400},
	Date-Modified = {2009-06-14 19:29:37 -0400},
	Journal = {J. Comput. Phys.},
	Pages = {363-379},
	Title = {Numerical Simulation of Hydrodynamics by the Method of Point Vortices},
	Volume = {13},
	Year = {1973}}

@article{Popinet:03,
	Author = {S. Popinet},
	Date-Added = {2008-05-27 11:20:34 -0400},
	Date-Modified = {2009-06-14 19:37:54 -0400},
	Journal = {J. Comput. Phys.},
	Pages = {572-600},
	Title = {Gerris: A tree-based adaptive solver for the incompressible Euler equations in complex geometries},
	Volume = {190},
	Year = {2003}}

@article{Kim:85,
	Author = {J. Kim and P. Moin},
	Date-Added = {2008-05-27 11:20:34 -0400},
	Date-Modified = {2008-05-27 11:20:34 -0400},
	Journal = {J. Comput. Phys.},
	Pages = {308--323},
	Title = {Application of a fractional step method to incompressible {N}avier-{S}tokes equations},
	Volume = {59},
	Year = {1985}}

@article{Zhao:98,
	Author = {H.-K. Zhao and B. Merriman and S. Osher and L. Wang,},
	Date-Added = {2008-05-27 11:20:34 -0400},
	Date-Modified = {2008-05-27 11:20:34 -0400},
	Journal = {J. Comput. Phys.},
	Pages = {495-},
	Title = {Capturing the behaviour of bubbles and drops using the variational level set approach},
	Volume = {143},
	Year = {1998}}

@article{Zhao:96,
	Author = {H.-K. Zhao and T. Chan and B. Merriman and S. Osher},
	Date-Added = {2008-05-27 11:20:34 -0400},
	Date-Modified = {2008-05-27 11:20:34 -0400},
	Journal = {J. Comput. Phys.},
	Pages = {179-},
	Title = {A variational level set approach to multiphase motion},
	Volume = {127},
	Year = {1996}}

@misc{Chiang:92,
	Author = {Y. Chiang and B. van Leer and K.G. Powell,},
	Date-Added = {2008-05-27 11:20:34 -0400},
	Date-Modified = {2008-05-27 11:20:34 -0400},
	Howpublished = {AIAA paper 92-0443},
	Title = {Simulation of Unsteady Inviscid Flow on an Adaptively Refined Cartesian Grid},
	Year = {1992}}

@book{ProspTrygg:07,
	Author = {A. Prosperetti and G. Tryggvason},
	Date-Added = {2008-05-27 11:20:34 -0400},
	Date-Modified = {2008-05-27 11:20:34 -0400},
	Publisher = {Cambridge University Press},
	Title = {Computational Methods for Multiphase Flow},
	Year = {2007}}

@article{Quirk:94,
	Author = {J. J. Quirk},
	Date-Added = {2008-05-27 11:20:34 -0400},
	Date-Modified = {2008-05-27 11:20:34 -0400},
	Journal = {Computers and Fluids},
	Pages = {125-142},
	Title = {An alternative to unstructured grids for computing gas dynamic flows around arbitrarily complex two-dimensional bodies},
	Volume = {23},
	Year = {1994}}

@techreport{HarlowAmsden:71,
	Author = {F. H. Harlow and A. A. Amsden},
	Date-Added = {2008-05-27 11:20:34 -0400},
	Date-Modified = {2008-05-27 11:20:34 -0400},
	Institution = {Los Alamos Scientific Lab},
	Number = {LA--4700},
	Title = {Fluid Dynamics. A LASL Monograph.},
	Type = {Technical Report},
	Year = {1971}}

@book{PoschelSchwager:05,
	Author = {T. P{\"o}schel and T. Schwage},
	Date-Added = {2008-05-27 11:20:34 -0400},
	Date-Modified = {2008-05-27 11:20:34 -0400},
	Publisher = {Springer},
	Title = {Computational Granular Dynamics: Models and Algorithms},
	Year = {2005}}

@electronic{gerris:09,
	Author = {St{\'e}phane Popinet},
	Doi = {DOI: 10.1016/j.jcp.2009.04.042},
	Issn = {0021-9991},
	Journal = {J. Comput. Phys.},
	Number = {16},
	Pages = {5838 - 5866},
	Title = {An accurate adaptive solver for surface-tension-driven interfacial flows},
	Url = {http://www.sciencedirect.com/science/article/B6WHY-4W85MFJ-1/2/02e6d2a4c0413a53c70ae483169c8cbc},
	Volume = {228},
	Year = {2009},
	Bdsk-Url-1 = {http://www.sciencedirect.com/science/article/B6WHY-4W85MFJ-1/2/02e6d2a4c0413a53c70ae483169c8cbc},
	Bdsk-Url-2 = {http://dx.doi.org/10.1016/j.jcp.2009.04.042}}

@article{Muradoglu:06,
	Author = {M. Muradoglu and A. D. Kayaalp},
	Date-Added = {2008-05-27 11:20:34 -0400},
	Date-Modified = {2009-06-14 19:36:46 -0400},
	Journal = {J. Comput. Phys.},
	Pages = {858-877},
	Title = {An auxiliary grid method for computations of multiphase flows in complex geometries},
	Volume = {214},
	Year = {2006}}

@article{Book:73,
	Author = {J. P. Boris and D. L. Book},
	Date-Added = {2008-05-27 11:20:34 -0400},
	Date-Modified = {2009-06-14 19:28:16 -0400},
	Journal = {J. Comput. Phys.},
	Pages = {38-69},
	Title = {Flux-Corrected Transport. {I}. {SHASTA}, A Fluid Transport Algorithm That Works},
	Volume = {11},
	Year = {1973}}

@article{Sweby:84,
	Author = {P. K. Sweby},
	Date-Added = {2008-05-27 11:20:34 -0400},
	Date-Modified = {2008-05-27 11:20:34 -0400},
	Journal = {SIAM J. Numer. Analysis.},
	Number = {995-1011},
	Title = {High-resolution schemes using flux limiters for hyperbolic conservation-laws},
	Volume = {21},
	Year = {1984}}

@article{Swarztrauber:79,
	Author = {P. N. Swarztrauber and R. A. Sweet},
	Date-Added = {2008-05-27 11:20:34 -0400},
	Date-Modified = {2008-05-27 11:20:34 -0400},
	Journal = {ACM Trans. Math. Softw.},
	Number = {3},
	Pages = {352-364},
	Title = {Algorithm 541: Efficient {F}ortran Subprograms for the Solution of Separable Elliptic Partial Differential Equations [{D}3]},
	Volume = {5},
	Year = {1979}}

@article{OsherShu:91,
	Author = {S. Osher and C. W. Shu},
	Date-Added = {2008-05-27 11:20:34 -0400},
	Date-Modified = {2008-05-27 11:20:34 -0400},
	Journal = {SIAM J. Num. Anal.},
	Pages = {907-922},
	Title = {High-order essentially nonoscillatory schemes for {H}amilton-{J}acobi equations},
	Volume = {28},
	Year = {1991}}

@article{vanLeer:77,
	Author = {B. van Leer},
	Date-Added = {2008-05-27 11:20:34 -0400},
	Date-Modified = {2008-05-27 11:20:34 -0400},
	Journal = {J. Comput. Phys.},
	Pages = {101-136},
	Title = {Towards the Ultimate Conservative Difference Scheme. {V}. {A} Second-order Sequel to {G}odunov's Method},
	Volume = {32},
	Year = {1979}}

@article{Nakamura:99,
	Author = {T. Nakamura and T. Yabe},
	Date-Added = {2008-05-27 11:20:34 -0400},
	Date-Modified = {2008-05-27 11:20:34 -0400},
	Journal = {Comput. Phys. Commum.},
	Pages = {122},
	Title = {Cubic interpolated propagation scheme for solving the hyper-dimensional {V}lasov-{P}oisson equation in phase space},
	Volume = {120},
	Year = {1999}}

@article{Kadioglu:08,
	Author = {S. Y. Kadioglu and M. Sussman},
	Date-Added = {2008-05-27 11:20:34 -0400},
	Date-Modified = {2008-05-27 11:20:34 -0400},
	Journal = {J. Comput. Phys.},
	Pages = {2083-2104},
	Title = {Adaptive solution techniques for simulating underwater explosions and implosions},
	Volume = {227},
	Year = {2008}}

@article{Hua:07,
	Author = {J. Hua and J. Lou},
	Date-Added = {2008-05-27 11:20:34 -0400},
	Date-Modified = {2008-05-27 11:20:34 -0400},
	Journal = {J. Comput. Phys.},
	Pages = {769-795},
	Title = {Numerical simulation of bubble rising in viscous liquid},
	Volume = {222},
	Year = {2007}}

@article{MacNeice:00,
	Author = {P. MacNeice and K. M. Olson and C. Mobarry and R. deFainchtein and C. Packer},
	Date-Added = {2008-05-27 11:20:34 -0400},
	Date-Modified = {2008-05-27 11:20:34 -0400},
	Journal = {Computer Physics Communication},
	Number = {330-354},
	Title = {PARAMESH : A parallel adaptive mesh refinement community toolkit},
	Volume = {126},
	Year = {2000}}

@article{Issa:85,
	Author = {R.I. Issa},
	Date-Added = {2008-05-27 11:20:34 -0400},
	Date-Modified = {2008-05-27 11:20:34 -0400},
	Journal = {J. Comput. Phys.},
	Pages = {40-65},
	Title = {Solution of the implicitly discretised fluid flow equations by operator-splitting},
	Volume = {62},
	Year = {1985}}

@article{Chorin:67,
	Author = {A.J. Chorin},
	Date-Added = {2008-05-27 11:20:34 -0400},
	Date-Modified = {2008-05-27 11:20:34 -0400},
	Journal = {J. Comput. Phys.},
	Pages = {12},
	Title = {A numerical method for solving incompressible viscous flow problems},
	Volume = {2},
	Year = {1967}}

@article{Liu:05,
	Author = {H. Liu and S. Krishnan and S. Marella and H.S. Udaykumar},
	Date-Added = {2008-05-27 11:20:34 -0400},
	Date-Modified = {2008-05-27 11:20:34 -0400},
	Journal = {J. Comput. Phys.},
	Pages = {32-54},
	Title = {Sharp interface {C}artesian grid method {II}: A technique for simulating droplet interactions with surfaces of arbitrary shape},
	Volume = {210},
	Year = {2005}}

@article{Yang:05,
	Author = {Y. Yang and H.S. Udaykumar},
	Date-Added = {2008-05-27 11:20:34 -0400},
	Date-Modified = {2008-05-27 11:20:34 -0400},
	Journal = {J. Comput. Phys.},
	Pages = {55-74},
	Title = {Sharp interface Cartesian grid method {III}: {S}olidification of pure materials and binary solutions},
	Volume = {210},
	Year = {2005}}

@article{Ding:07,
	Author = {H. Ding and P. D.M. Spelt and C. Shu},
	Date-Added = {2008-05-27 11:20:34 -0400},
	Date-Modified = {2009-06-14 19:30:44 -0400},
	Journal = {J. Comput. Phys.},
	Pages = {2078--2095},
	Title = {Diffuse interface model for incompressible two-phase flows with large density ratios},
	Volume = {226},
	Year = {2007}}

@article{Marella:05,
	Author = {S. Marella and S. Krishnan and H. Liu and H.S. Udaykumar},
	Date-Added = {2008-05-27 11:20:34 -0400},
	Date-Modified = {2009-06-14 19:34:34 -0400},
	Journal = {J. Comput. Phys.},
	Pages = {1-31},
	Title = {Sharp interface {C}artesian grid method {I}: An easily implemented technique for 3{D} moving boundary computations},
	Volume = {214},
	Year = {2005}}

@book{Schlick:02,
	Author = {T. Schlick},
	Date-Added = {2008-05-27 11:20:34 -0400},
	Date-Modified = {2008-05-27 11:20:34 -0400},
	Publisher = {Springer},
	Title = {Molecular Modeling and Simulation},
	Year = {2002}}

@techreport{RiderandKothe:96,
	Author = {W. J. Rider and D.B. Kothe},
	Date-Added = {2008-05-27 11:20:34 -0400},
	Date-Modified = {2008-05-27 11:20:34 -0400},
	Institution = {Los Alamos National Laboratory Report},
	Title = {Reconstructing volume tracking. Los Alamos National Laboratory Report LA-UR-96-2375},
	Year = {1996}}

@article{ScardovelliZaleski:00,
	Author = {R. Scardovelli and S. Zaleski},
	Date-Added = {2008-05-27 11:20:34 -0400},
	Date-Modified = {2008-05-27 11:20:34 -0400},
	Journal = {J. Comput. Phys.},
	Pages = {228-237},
	Title = {Analytical Relations Connecting Linear Interfaces and Volume Fractions in Rectangular Grids},
	Volume = {164},
	Year = {2000}}

@article{LiLai:01,
	Author = {Z. Li and M. C. Lai},
	Date-Added = {2008-05-27 11:20:34 -0400},
	Date-Modified = {2008-05-27 11:20:34 -0400},
	Journal = {J. Comput. Phys.},
	Number = {822},
	Title = {The immersed interface method for the Navier Stokes equations with singular forces},
	Volume = {171},
	Year = {2001}}

@article{Udaykumar:01,
	Author = {H. S. Udaykumar and R. Mittal and P. Rampunggoon and A. Khanna},
	Date-Added = {2008-05-27 11:20:34 -0400},
	Date-Modified = {2008-05-27 11:20:34 -0400},
	Journal = {J. Comput. Phys.},
	Pages = {345--380},
	Title = {A Sharp Interface {C}artesian Grid Method for Simulating Flows with Complex Moving Boundaries},
	Volume = {174},
	Year = {2001}}

@article{LeVequeLi:97,
	Author = {R. J. LeVeque and Z. Li},
	Date-Added = {2008-05-27 11:20:34 -0400},
	Date-Modified = {2008-05-27 11:20:34 -0400},
	Journal = {SIAM J. Sci. Comput.},
	Pages = {709},
	Title = {Immersed interface method for Stokes flow with elastic boundaries or surface tension},
	Volume = {18},
	Year = {1997}}

@article{LeVequeLi:94,
	Author = {R. J. LeVeque and Z. Li},
	Date-Added = {2008-05-27 11:20:34 -0400},
	Date-Modified = {2008-05-27 11:20:34 -0400},
	Journal = {SIAM J. Numer. Anal.},
	Pages = {1019},
	Title = {The immersed interface method for elliptic equations with discontinuous coefficients and singular sources},
	Volume = {31},
	Year = {1994}}

@article{LiRenardy:00,
	Author = {J. Li and Y. Renardy and M. Renardy},
	Date-Added = {2008-05-27 11:20:34 -0400},
	Date-Modified = {2008-05-27 11:20:34 -0400},
	Journal = {Phys. Fluids.},
	Number = {2},
	Pages = {269-282},
	Title = {Numerical simulation of breakup of a viscous drop in simple shear flow with a volume-of-fluid method},
	Volume = {12},
	Year = {2000}}

@article{SussmanFatemi:99,
	Author = {M. Sussman and E. Fatemi},
	Date-Added = {2008-05-27 11:20:34 -0400},
	Date-Modified = {2008-05-27 11:20:34 -0400},
	Journal = {SIAM J. Sci. Comput.},
	Number = {4},
	Pages = {1165-1191},
	Title = {An efficient, interface preserving level set re-distancing algorithm and its application to interfacial incompressible fluid flow},
	Volume = {20},
	Year = {1999}}

@article{ChangHou:96,
	Author = {Y. C. Chang and T. Y. Hou and B. Merriman and S. Osher},
	Date-Added = {2008-05-27 11:20:34 -0400},
	Date-Modified = {2009-06-14 19:29:07 -0400},
	Journal = {J. Comput. Phys.},
	Number = {124},
	Pages = {449},
	Title = {A level set formulation of Eulerian interface capturing methods for incompressible fluid flows},
	Year = {1996}}

@article{OsherSethian:88,
	Author = {S. Osher and J. Sethian},
	Date-Added = {2008-05-27 11:20:34 -0400},
	Date-Modified = {2009-06-14 19:37:15 -0400},
	Journal = {J. Comput. Phys.},
	Pages = {12-49},
	Title = {Fronts propagating with curvature-dependent speed: algorithms based on {H}amilton-{J}acobi formulations},
	Volume = {79},
	Year = {1988}}

@article{Glimm:86,
	Author = {J. Glimm and O. McBryan and R. Menikoff, and D. Sharp},
	Date-Added = {2008-05-27 11:20:34 -0400},
	Date-Modified = {2008-05-27 11:20:34 -0400},
	Journal = {SIAM J. Comput.},
	Pages = {230-251},
	Title = {Front tracking applied to Rayleigh-Taylor instability},
	Volume = {7},
	Year = {1986}}

@article{Glimm:81,
	Author = {J. Glimm and D. Marchesin and O. McBryan},
	Date-Added = {2008-05-27 11:20:34 -0400},
	Date-Modified = {2008-05-27 11:20:34 -0400},
	Journal = {J. Comput. Phys},
	Pages = {179-200},
	Title = {A numerical method for two phase flow with an unstable interface},
	Volume = {39},
	Year = {1981}}

@article{ChernGlimm:86,
	Author = {I.-L. Chern and J. Glimm and O. McBryan and B. Plohr and S. Yaniv},
	Date-Added = {2008-05-27 11:20:34 -0400},
	Date-Modified = {2008-05-27 11:20:34 -0400},
	Journal = {J. Comput. Phys.},
	Pages = {83-110},
	Title = {Front tracking for gas dynamics},
	Volume = {62},
	Year = {1986}}

@book{RothmanZaleski:07,
	Author = {D. H. Rothman and S. Zaleski},
	Date-Added = {2008-05-27 11:20:34 -0400},
	Date-Modified = {2008-05-27 11:20:34 -0400},
	Publisher = {Cambridge University Press},
	Title = {Lattice-Gas Cellular Automata Simple Models of Complex Hydrodynamics},
	Year = {1997}}

@article{Sankaranarayanan:03,
	Author = {K. Sankaranarayanan and I.G. Kevrekidis and S. Sundaresan and J. Lu and G. Tryggvason},
	Date-Added = {2008-05-27 11:20:34 -0400},
	Date-Modified = {2008-05-27 11:20:34 -0400},
	Journal = {Int. J. Multiphase Flow},
	Pages = {109-116},
	Title = {A comparative study of lattice {B}oltzmann and front-tracking finite-difference methods for bubble simulations},
	Volume = {29},
	Year = {2003}}

@article{Batchelor:56,
	Author = {G. K. Batchelor and A. A. Townsend},
	Date-Added = {2008-05-27 11:20:34 -0400},
	Date-Modified = {2008-05-27 11:20:34 -0400},
	Journal = {Surveys in mechanics},
	Publisher = {Cambridge Press},
	Title = {Turbulent diffusion},
	Year = {1956}}

@book{Lamb:32,
	Author = {H. Lamb},
	Date-Added = {2008-05-27 11:20:34 -0400},
	Date-Modified = {2008-05-27 11:20:34 -0400},
	Publisher = {Dover},
	Title = {Hydrodynamics},
	Year = {1932}}

@book{Lefebvre:89,
	Author = {A. Lefebvre},
	Date-Added = {2008-05-27 11:20:34 -0400},
	Date-Modified = {2008-05-27 11:20:34 -0400},
	Publisher = {Taylor and Francis},
	Title = {Atomization and Sprays},
	Year = {1989}}

@book{Oran:87,
	Author = {E. S. Oran and J. P. Boris},
	Date-Added = {2008-05-27 11:20:34 -0400},
	Date-Modified = {2008-05-27 11:20:34 -0400},
	Publisher = {Elsevier},
	Title = {Numerical Simulation of Reactive Flow},
	Year = {1987}}

@book{Patankar:80,
	Author = {S. V. Patankar},
	Date-Added = {2008-05-27 11:20:34 -0400},
	Date-Modified = {2008-05-27 11:20:34 -0400},
	Publisher = {Taylor \& Francis},
	Title = {Numerical Heat Transfer and Fluid Flow},
	Year = {1980}}

@book{Weatherburn:27,
	Author = {C. E. Weatherburn},
	Date-Added = {2008-05-27 11:20:34 -0400},
	Date-Modified = {2008-05-27 11:20:34 -0400},
	Publisher = {Cambridge},
	Title = {Differential Geometry of Three Dimensions. Vol. $I$},
	Year = {1927}}

@book{Crowe:98,
	Author = {C. Crowe and M. Sommerfeld and Y. Tsuji},
	Date-Added = {2008-05-27 11:20:34 -0400},
	Date-Modified = {2008-05-27 11:20:34 -0400},
	Publisher = {CRC Press},
	Title = {Multiphase Flows with Droplets and Particles},
	Year = {1998}}

@book{Wesseling:92,
	Address = {New York},
	Author = {P. Wesseling},
	Date-Added = {2008-05-27 11:20:34 -0400},
	Date-Modified = {2008-05-27 11:20:34 -0400},
	Publisher = {Wiley},
	Title = {An Introduction to Multigrid Methods},
	Year = {1992}}

@book{Wesseling:04,
	Address = {Philadelphia},
	Author = {P. Wesseling},
	Date-Added = {2008-05-27 11:20:34 -0400},
	Date-Modified = {2008-05-27 11:20:34 -0400},
	Publisher = {R.T. Edwards},
	Title = {An Introduction to Multigrid Methods---Corrected Reprint},
	Year = {2004}}

@book{Ferziger:96,
	Author = {J. H. Ferziger and M. Peri\'c},
	Date-Added = {2008-05-27 11:20:34 -0400},
	Date-Modified = {2008-05-27 11:20:34 -0400},
	Publisher = {Springer},
	Title = {Computational Methods for Fluid Dynamics},
	Year = {1996}}

@book{Yanenko:71,
	Address = {Berlin},
	Author = {N. N. Yanenko},
	Date-Added = {2008-05-27 11:20:34 -0400},
	Date-Modified = {2008-05-27 11:20:34 -0400},
	Publisher = {Springer-Verlag},
	Title = {The method of fractional steps for solving multi dimensional problems of mathematical physics in several variables},
	Year = {1971}}

@book{RicMor67,
	Address = {New York},
	Author = {R. D. Richtmyer and K. W. Morton},
	Date-Added = {2008-05-27 11:20:34 -0400},
	Date-Modified = {2008-05-27 11:20:34 -0400},
	Publisher = {Interscience},
	Title = {Difference Methods for Initial Value Problems},
	Year = {1967}}

@article{Tryggvason:83,
	Author = {G. Tryggvason and H. Aref},
	Date-Added = {2008-05-27 11:20:34 -0400},
	Date-Modified = {2008-05-27 11:20:34 -0400},
	Journal = {J. Fluid Mech.},
	Pages = {1--30},
	Title = {Numerical Experiments on {Hele Shaw} Flow with a Sharp Interface},
	Volume = {136},
	Year = {1983}}

@article{Aref:84,
	Author = {H. Aref and G. Tryggvason},
	Date-Added = {2008-05-27 11:20:34 -0400},
	Date-Modified = {2008-05-27 11:20:34 -0400},
	Journal = {Physica D},
	Pages = {59--70},
	Title = {Vortex Dynamics of Passive and Active Interfaces},
	Volume = {12},
	Year = {1984}}

@article{Tryggvason:85,
	Author = {G. Tryggvason and H. Aref},
	Date-Added = {2008-05-27 11:20:34 -0400},
	Date-Modified = {2008-05-27 11:20:34 -0400},
	Journal = {J. Fluid Mech.},
	Pages = {284--301},
	Title = {Finger Interaction Mechanisms in Stratified {Hele Shaw} Flow},
	Volume = {154},
	Year = {1985}}

@article{Glimm:88,
	Author = {J. Glimm and J. Grove and B. Lindquist and O. McBryan and G. Tryggvason},
	Date-Added = {2008-05-27 11:20:34 -0400},
	Date-Modified = {2008-05-27 11:20:34 -0400},
	Journal = {SIAM Journal on Scientific and Statistical Computing},
	Pages = {61--79},
	Title = {The Bifurcation of Tracked Scalar Waves},
	Volume = {9},
	Year = {1988}}

@article{Tryggvason:89,
	Author = {G. Tryggvason},
	Date-Added = {2008-05-27 11:20:34 -0400},
	Date-Modified = {2009-06-14 19:40:57 -0400},
	Journal = {J. Comput. Phys.},
	Pages = {1--16},
	Title = {Simulation of Vortex Sheet Roll-Up by Vortex Methods},
	Volume = {79},
	Year = {1989}}

@article{Dahm:89,
	Author = {W.J.A. Dahm and C.M. Scheil and G. Tryggvason},
	Date-Added = {2008-05-27 11:20:34 -0400},
	Date-Modified = {2008-05-27 11:20:34 -0400},
	Journal = {J. Fluid Mech.},
	Pages = {1--43},
	Title = {Dynamics of Vortex Interaction with a Density Interface},
	Volume = {205},
	Year = {1989}}

@article{Tryggvason:90,
	Author = {G. Tryggvason and S. O. Unverdi},
	Date-Added = {2008-05-27 11:20:34 -0400},
	Date-Modified = {2008-05-27 11:20:34 -0400},
	Journal = {Phys. Fluids A},
	Pages = {656--659},
	Title = {Computations of Three-Dimensional Rayleigh-Taylor Instability},
	Volume = {2},
	Year = {1990}}

@article{Yu:90,
	Author = {D. Yu and G. Tryggvason},
	Date-Added = {2008-05-27 11:20:34 -0400},
	Date-Modified = {2008-05-27 11:20:34 -0400},
	Journal = {J. Fluid Mech.},
	Pages = {547--572},
	Title = {The Free Surface Signature of Unsteady, Two-Dimensional Vortex Flows},
	Volume = {218},
	Year = {1990}}

@article{Tryggvason-fine:91,
	Author = {G. Tryggvason and W.J.A. Dahm and K. Sbeih},
	Date-Added = {2008-05-27 11:20:34 -0400},
	Date-Modified = {2008-05-27 11:20:34 -0400},
	Journal = {ASME J. Fluid Engineering},
	Pages = {31--36},
	Title = {Fine Structure of Vortex Sheet Rollup by Viscous and Inviscid Simulations},
	Volume = {113},
	Year = {1991}}

@article{Tryggvason-free:91,
	Author = {G. Tryggvason and S.O. Unverdi and M. Song and J. Abdollahi-Alibeik},
	Date-Added = {2008-05-27 11:20:34 -0400},
	Date-Modified = {2008-05-27 11:20:34 -0400},
	Journal = {Lectures in Applied Mathematics},
	Pages = {xx},
	Title = {Interaction of Vortices with a Free Surface and Density Interfaces},
	Volume = {28},
	Year = {1991}}

@article{Unverdi:92,
	Author = {S. O. Unverdi and G. Tryggvason},
	Date-Added = {2008-05-27 11:20:34 -0400},
	Date-Modified = {2009-06-14 19:41:17 -0400},
	Journal = {J. Comput. Phys.},
	Pages = {25--37},
	Title = {A Front-Tracking Method for Viscous, Incompressible, Multi-Fluid Flows},
	Volume = {100},
	Year = {1992}}

@article{Unverdi2:92,
	Author = {S. O. Unverdi and G. Tryggvason},
	Date-Added = {2008-05-27 11:20:34 -0400},
	Date-Modified = {2008-05-27 11:20:34 -0400},
	Journal = {Physica D},
	Pages = {70--83},
	Title = {Computations of Multi-Fluid Flows},
	Volume = {60},
	Year = {1992}}

@article{Tryggvason:92,
	Author = {G. Tryggvason and J. Abdollahi-Alibeik and W. Willmarth and A. Hirsa},
	Date-Added = {2008-05-27 11:20:34 -0400},
	Date-Modified = {2008-05-27 11:20:34 -0400},
	Journal = {Phys. Fluids A},
	Pages = {1215--1229},
	Title = {Collision of a Vortex Pair with a Contaminated Free Surface},
	Volume = {4},
	Year = {1992}}

@article{Song:92,
	Author = {M. Song and L.P. Bernal and G. Tryggvason},
	Date-Added = {2008-05-27 11:20:34 -0400},
	Date-Modified = {2008-05-27 11:20:34 -0400},
	Journal = {Phys. Fluids A},
	Pages = {1457--1466},
	Title = {Head-on Collision of a Large Vortex Ring with a Free Surface},
	Volume = {4},
	Year = {1992}}

@article{Dahm:92,
	Author = {W.J.A. Dahm and C.E. Frieler and G. Tryggvason},
	Date-Added = {2008-05-27 11:20:34 -0400},
	Date-Modified = {2008-05-27 11:20:34 -0400},
	Journal = {J. Fluid Mech.},
	Pages = {371--402},
	Title = {Vortex Structure and Dynamics in the Near Field of a Coaxial Jet},
	Volume = {241},
	Year = {1992}}

@article{Taeibi:94,
	Author = {M. Taeibi-Rahni and E. Loth and G. Tryggvason},
	Date-Added = {2008-05-27 11:20:34 -0400},
	Date-Modified = {2008-05-27 11:20:34 -0400},
	Journal = {Int. J. Multiphase Flow},
	Pages = {1109--1128},
	Title = {DNS Simulations of Large Bubbles in Mixing Layer Flow},
	Volume = {20},
	Year = {1994}}

@article{Yu:95,
	Author = {P.-W. Yu and S.L. Ceccio and G. Tryggvason},
	Date-Added = {2008-05-27 11:20:34 -0400},
	Date-Modified = {2008-05-27 11:20:34 -0400},
	Journal = {Phys. Fluids},
	Pages = {2608--2616},
	Title = {The Collapse of a Cavitation Bubble in Shear Flows-A Numerical Study},
	Volume = {7},
	Year = {1995}}

@article{Juric:96,
	Author = {D. Juric and G. Tryggvason},
	Date-Added = {2008-05-27 11:20:34 -0400},
	Date-Modified = {2008-05-27 11:20:34 -0400},
	Journal = {J. Comput. Phys.},
	Pages = {127--148},
	Title = {A Front Tracking Method for Dentritic Solidification},
	Volume = {123},
	Year = {1996}}

@article{Nobari-3d:96,
	Author = {M. R. Nobari and G. Tryggvason},
	Date-Added = {2008-05-27 11:20:34 -0400},
	Date-Modified = {2008-05-27 11:20:34 -0400},
	Journal = {AIAA Journal},
	Pages = {750--755},
	Title = {Numerical Simulations of Three-Dimensional Drop Collisions},
	Volume = {34},
	Year = {1996}}

@article{Nobari:96,
	Author = {M. R. Nobari and Y.-J. Jan and G. Tryggvason},
	Date-Added = {2008-05-27 11:20:34 -0400},
	Date-Modified = {2008-05-27 11:20:34 -0400},
	Journal = {Phys. Fluids},
	Pages = {29--42},
	Title = {Head-on Collision of Drops--A Numerical Investigation},
	Volume = {8},
	Year = {1996}}

@article{Ervin:97,
	Author = {E.A. Ervin and G. Tryggvason},
	Date-Added = {2008-05-27 11:20:34 -0400},
	Date-Modified = {2008-05-27 11:20:34 -0400},
	Journal = {ASME J. Fluid Engineering},
	Pages = {443--449},
	Title = {The Rise of Bubbles in a Vertical Shear Flow},
	Volume = {119},
	Year = {1997}}

@article{Dooley:97,
	Author = {B.S. Dooley and A.E. Warncke and M. Gharib and G. Tryggvason},
	Date-Added = {2008-05-27 11:20:34 -0400},
	Date-Modified = {2008-05-27 11:20:34 -0400},
	Journal = {Experiments in Fluids},
	Pages = {369--374},
	Title = {Vortex ring generation due to the coalescence of a water drop at a free surface},
	Volume = {22},
	Year = {1997}}

@article{Loth:97,
	Author = {E. Loth and M. Taeibi-Rahni and G. Tryggvason},
	Date-Added = {2008-05-27 11:20:34 -0400},
	Date-Modified = {2008-05-27 11:20:34 -0400},
	Journal = {Int. J. Multiphase Flow},
	Pages = {977--1001},
	Title = {Deformable Bubbles in a Free Shear},
	Volume = {23},
	Year = {1997}}

@article{Yang:98,
	Author = {Y. Yang and G. Tryggvason},
	Date-Added = {2008-05-27 11:20:34 -0400},
	Date-Modified = {2008-05-27 11:20:34 -0400},
	Journal = {Computers and Fluids},
	Pages = {829--845},
	Title = {Dissipation of Energy by Finite Amplitude Surface Waves},
	Volume = {27},
	Year = {1998}}

@article{Qian:98,
	Author = {J. Qian and G. Tryggvason and C.K. Law},
	Date-Added = {2008-05-27 11:20:34 -0400},
	Date-Modified = {2008-05-27 11:20:34 -0400},
	Journal = {J. Comput. Phys.},
	Pages = {52--69},
	Title = {A Front Tracking Method for the Motion of Premixed Flames},
	Volume = {144},
	Year = {1998}}

@article{Juric:98,
	Author = {D. Juric and G. Tryggvason},
	Date-Added = {2008-05-27 11:20:34 -0400},
	Date-Modified = {2008-05-27 11:20:34 -0400},
	Journal = {Int. J. Multiphase Flow},
	Pages = {387--410},
	Title = {Computations of Boiling Flows},
	Volume = {24},
	Year = {1998}}

@article{Bunner:99,
	Author = {B. Bunner and G. Tryggvason},
	Date-Added = {2008-05-27 11:20:34 -0400},
	Date-Modified = {2008-05-27 11:20:34 -0400},
	Journal = {Phys. Fluids},
	Pages = {1967--1969},
	Title = {Direct Numerical Simulations of Three-Dimensional Bubbly Flows},
	Volume = {11},
	Year = {1999}}

@article{Bunner-viz:99,
	Author = {B. Bunner and G. Tryggvason},
	Date-Added = {2008-05-27 11:20:34 -0400},
	Date-Modified = {2008-05-27 11:20:34 -0400},
	Journal = {J. Visualization},
	Pages = {153--158},
	Title = {An Examination of the Flow Induced by Buoyant Bubbles},
	Volume = {2},
	Year = {1999}}

@article{Song:99,
	Author = {M. Song and G. Tryggvason},
	Date-Added = {2008-05-27 11:20:34 -0400},
	Date-Modified = {2008-05-27 11:20:34 -0400},
	Journal = {Phys. Fluids},
	Pages = {2487--2493},
	Title = {The Formation of a Thick Border on an Initially Stationary Fluid Sheet},
	Volume = {11},
	Year = {1999}}

@article{Jaeger:99,
	Author = {M. Jaeger and M. Carin and M. Medale and G. Tryggvason},
	Date-Added = {2008-05-27 11:20:34 -0400},
	Date-Modified = {2008-05-27 11:20:34 -0400},
	Journal = {Biophysical Journal},
	Pages = {1257--1267},
	Title = {The Osmotic Migration of Cells in a Solute Gradient},
	Volume = {77},
	Year = {1999}}

@article{Tauber:00,
	Author = {W. Tauber and G. Tryggvason},
	Date-Added = {2008-05-27 11:20:34 -0400},
	Date-Modified = {2008-05-27 11:20:34 -0400},
	Journal = {Computational Fluid Dynamics Journal},
	Pages = {xx},
	Title = {Direct Numerical Simulations of Primary Breakup},
	Volume = {9(1)},
	Year = {2000.}}

@article{Chen:00,
	Author = {S. J. Chen and W.J.A. Dahm and G. Tryggvason},
	Date-Added = {2008-05-27 11:20:34 -0400},
	Date-Modified = {2008-05-27 11:20:34 -0400},
	Journal = {P Combust. Inst.},
	Pages = {515--520},
	Title = {Effects of heat release in a reacting vortex ring},
	Volume = {28},
	Year = {2000}}

@article{Tryggvason:01,
	Author = {G. Tryggvason and B. Bunner and A. Esmaeeli and D. Juric and N. Al-Rawahi and W. Tauber and J. Han and S. Nas and Y.-J. Jan},
	Date-Added = {2008-05-27 11:20:34 -0400},
	Date-Modified = {2008-05-27 11:20:34 -0400},
	Journal = {J. Comput. Phys.},
	Pages = {708--759},
	Title = {A Front Tracking Method for the Computations of Multiphase Flow},
	Volume = {169},
	Year = {2001}}

@article{Tryggvason-ed:01,
	Author = {G. Tryggvason and M. Thouless and D. Dutta and S. L. Ceccio and D. M. Tilbury},
	Date-Added = {2008-05-27 11:20:34 -0400},
	Date-Modified = {2008-05-27 11:20:34 -0400},
	Journal = {J. Engineering Education},
	Pages = {437--444},
	Title = {The New Mechanical Engineering Curriculum at the University of Michigan},
	Volume = {90},
	Year = {2001}}

@article{Zhang:02,
	Author = {J. Zhang and M.J. Miksis and S.G. Bankoff and G. Tryggvason},
	Date-Added = {2008-05-27 11:20:34 -0400},
	Date-Modified = {2008-05-27 11:20:34 -0400},
	Journal = {Phys. Fluids},
	Pages = {1877--1885},
	Title = {Nonlinear dynamics of an interface in an inclined channel},
	Volume = {14},
	Year = {2002}}

@article{Tauber:02,
	Author = {W. Tauber and S.O. Unverdi and G. Tryggvason},
	Date-Added = {2008-05-27 11:20:34 -0400},
	Date-Modified = {2008-05-27 11:20:34 -0400},
	Journal = {Phys. Fluids},
	Pages = {2871--2885},
	Title = {The nonlinear behavior of a sheared immiscible fluid interface},
	Volume = {14},
	Year = {2002}}

@article{Al-Rawahi:02,
	Author = {N. Al-Rawahi and G. Tryggvason},
	Date-Added = {2008-05-27 11:20:34 -0400},
	Date-Modified = {2008-05-27 11:20:34 -0400},
	Journal = {J. Comput. Phys.},
	Pages = {471--496},
	Title = {Numerical simulation of dendritic solidification with convection: two-dimensional geometry},
	Volume = {180},
	Year = {2002}}

@article{Al-Rawahi:04,
	Author = {N. Al-Rawahi and G. Tryggvason},
	Date-Added = {2008-05-27 11:20:34 -0400},
	Date-Modified = {2008-05-27 11:20:34 -0400},
	Journal = {J. Comput. Phys.},
	Pages = {677--696},
	Title = {Numerical simulation of dendritic solidification with convection: Three-dimensional flow},
	Volume = {194},
	Year = {2004}}

@article{Esmaeeli:03,
	Author = {A. Esmaeeli and G. Tryggvason},
	Date-Added = {2008-05-27 11:20:34 -0400},
	Date-Modified = {2008-05-27 11:20:34 -0400},
	Journal = {J. Scientific Computing},
	Pages = {163--182},
	Title = {Computations of Explosive Boiling in Microgravity},
	Volume = {19},
	Year = {2003}}

@article{Esmaeeli:04,
	Author = {A. Esmaeeli and G. Tryggvason},
	Date-Added = {2008-05-27 11:20:34 -0400},
	Date-Modified = {2008-05-27 11:20:34 -0400},
	Journal = {Int. J. Multiphase Flow},
	Pages = {1037--1050},
	Title = {A Front Tracking Method for Computations of Boiling in Complex Geometries},
	Volume = {30},
	Year = {2004}}

@article{Esmaeeli:04b,
	Author = {A. Esmaeeli and G. Tryggvason},
	Date-Added = {2008-05-27 11:20:34 -0400},
	Date-Modified = {2008-05-27 11:20:34 -0400},
	Journal = {Int. J. Heat and Mass Transfer},
	Pages = {5451--5461},
	Title = {Computations of Film Boiling. {P}art {I}: numerical method},
	Volume = {47},
	Year = {2004}}

@article{Esmaeeli:04c,
	Author = {A. Esmaeeli and G. Tryggvason},
	Date-Added = {2008-05-27 11:20:34 -0400},
	Date-Modified = {2008-05-27 11:20:34 -0400},
	Journal = {Int. J. Heat and Mass Transfer},
	Pages = {5463--5476},
	Title = {Computations of Film Boiling. {P}art {II}: multi-mode film boiling},
	Volume = {47},
	Year = {2004}}

@article{Esmaeeli:05,
	Author = {A. Esmaeeli and G. Tryggvason},
	Date-Added = {2008-05-27 11:20:34 -0400},
	Date-Modified = {2008-12-22 12:44:27 -0500},
	Journal = {Phys. Fluids},
	Pages = {093303},
	Title = {A direct numerical simulation study of the buoyant rise of bubbles at {O}(100) {R}eynolds number},
	Volume = {17},
	Year = {2005}}

@article{Che:04,
	Author = {J. Che and S. L. Ceccio and G. Tryggvason},
	Date-Added = {2008-05-27 11:20:34 -0400},
	Date-Modified = {2008-05-27 11:20:34 -0400},
	Journal = {J. Applied Mathematical Modeling},
	Pages = {127--144},
	Title = {Computations of Structures Formed by the Solidification of Impinging Molten Metal Drops},
	Volume = {28},
	Year = {2004}}

@article{Bunner:03,
	Author = {B. Bunner and G. Tryggvason},
	Date-Added = {2008-05-27 11:20:34 -0400},
	Date-Modified = {2008-05-27 11:20:34 -0400},
	Journal = {J. Fluid Mech.},
	Pages = {77--118},
	Title = {Effect of Bubble Deformation on the Stability and Properties of Bubbly Flows},
	Volume = {495},
	Year = {2003}}

@article{Biswas:05,
	Author = {S. Biswas and A. Esmaeeli and G. Tryggvason},
	Date-Added = {2008-05-27 11:20:34 -0400},
	Date-Modified = {2008-05-27 11:20:34 -0400},
	Journal = {Int. J. Multiphase Flows},
	Pages = {1036-1048},
	Title = {Comparison of results from DNS of bubbly flows with a two-fluid model for two-dimensional laminar flows},
	Volume = {31},
	Year = {2005}}

@article{Lu:05,
	Author = {J. Lu and A. Fernandez and G. Tryggvason},
	Date-Added = {2008-05-27 11:20:34 -0400},
	Date-Modified = {2008-05-27 11:20:34 -0400},
	Journal = {Phys. Fluids},
	Pages = {095102},
	Title = {The effect of bubbles on the wall shear in a turbulent channel flow},
	Volume = {17},
	Year = {2005}}

@article{Fernandez:05,
	Author = {A. Fernandez and J. Che and S.L. Ceccio and G. Tryggvason},
	Date-Added = {2008-05-27 11:20:34 -0400},
	Date-Modified = {2008-12-22 12:09:24 -0500},
	Journal = {Phys. Fluids},
	Pages = {093302},
	Title = {The effects of electrostatic forces on the distribution of drops in a channel flow---two-dimensional oblate drops},
	Volume = {17},
	Year = {2005}}

@phdthesis{Yu-thesis;90,
	Author = {D. Yu},
	Date-Added = {2008-05-27 11:20:34 -0400},
	Date-Modified = {2008-05-27 11:20:34 -0400},
	School = {The University of Michigan},
	Title = {Numerical Simulations of Vortex Interactions with a Free Surface},
	Year = {1990}}

@phdthesis{Unverdi-thesis:90,
	Author = {S.O. Unverdi},
	Date-Added = {2008-05-27 11:20:34 -0400},
	Date-Modified = {2008-05-27 11:20:34 -0400},
	School = {The University of Michigan},
	Title = {Numerical Simulations of Multi-Fluid Flows},
	Year = {1990}}

@phdthesis{Song-thesis:91,
	Author = {M. Song},
	Date-Added = {2008-05-27 11:20:34 -0400},
	Date-Modified = {2008-05-27 11:20:34 -0400},
	School = {The University of Michigan},
	Title = {Vortex Ring Interactions with a Free Surface},
	Year = {1991}}

@phdthesis{Ervin-thesis:93,
	Author = {E.A. Ervin},
	Date-Added = {2008-05-27 11:20:34 -0400},
	Date-Modified = {2008-05-27 11:20:34 -0400},
	School = {The University of Michigan},
	Title = {Full Numerical Simulations of Bubbles and Drops in Shear Flow},
	Year = {1993}}

@phdthesis{Nobari-thesis:93,
	Author = {M. R. Heyranni-Nobari},
	Date-Added = {2008-05-27 11:20:34 -0400},
	Date-Modified = {2008-05-27 11:20:34 -0400},
	School = {The University of Michigan},
	Title = {Numerical Simulations of Drop Collisions and Coalescence},
	Year = {1993}}

@phdthesis{Jan-thesis:94,
	Author = {Y.-J. Jan},
	Date-Added = {2008-05-27 11:20:34 -0400},
	Date-Modified = {2009-06-05 04:29:42 -0400},
	School = {The University of Michigan},
	Title = {Computational Studies of Bubble Dynamics},
	Year = {1994}}

@phdthesis{Esmaeeli-thesis:95,
	Author = {A. Esmaeeli},
	Date-Added = {2008-05-27 11:20:34 -0400},
	Date-Modified = {2008-05-27 11:20:34 -0400},
	School = {The University of Michigan},
	Title = {Numerical Simulations of Bubbly Flows},
	Year = {1995}}

@phdthesis{Mortazavi-thesis:95,
	Author = {S. Mortazavi},
	Date-Added = {2008-05-27 11:20:34 -0400},
	Date-Modified = {2008-05-27 11:20:34 -0400},
	School = {The University of Michigan},
	Title = {Computational Investigation of Particulate Two-Phase Flows},
	Year = {1995}}

@phdthesis{Tounsi-thesis:95,
	Author = {F. Tounsi},
	Date-Added = {2008-05-27 11:20:34 -0400},
	Date-Modified = {2008-05-27 11:20:34 -0400},
	School = {The University of Michigan},
	Title = {Numerical Simulations of the Interactions of Vortices with Density Interfaces},
	Year = {1995}}

@phdthesis{Juric-thesis:97,
	Author = {D. Juric},
	Date-Added = {2008-05-27 11:20:34 -0400},
	Date-Modified = {2008-05-27 11:20:34 -0400},
	School = {The University of Michigan},
	Title = {Computations of Phase Change},
	Year = {1996}}

@phdthesis{Sures-thesis:97,
	Author = {N. C. Suresh},
	Date-Added = {2008-05-27 11:20:34 -0400},
	Date-Modified = {2008-05-27 11:20:34 -0400},
	School = {The University of Michigan},
	Title = {Modeling of Natural Gas Flames},
	Year = {1997}}

@phdthesis{Han-thesis:98,
	Author = {Jaehoon Han},
	Date-Added = {2008-05-27 11:20:34 -0400},
	Date-Modified = {2008-05-27 11:20:34 -0400},
	School = {The University of Michigan},
	Title = {Numerical Studies of Drop Motion in Axisymmetric Geometry},
	Year = {1998}}

@phdthesis{Bunner-thesis:00,
	Author = {B. Bunner},
	Date-Added = {2008-05-27 11:20:34 -0400},
	Date-Modified = {2008-05-27 11:20:34 -0400},
	School = {The University of Michigan},
	Title = {Numerical Simulations of Gas-Liquid Bubbly Flows},
	Year = {2000}}

@phdthesis{Sbeih-thesis:00,
	Author = {K. Sbeih},
	Date-Added = {2008-05-27 11:20:34 -0400},
	Date-Modified = {2008-05-27 11:20:34 -0400},
	School = {The University of Michigan},
	Title = {Vortex Sheet Calculations of Unsteady Flows},
	Year = {2000}}

@phdthesis{Al-Rawahi-thesis:02,
	Author = {N. Al-Rawahi},
	Date-Added = {2008-05-27 11:20:34 -0400},
	Date-Modified = {2008-05-27 11:20:34 -0400},
	School = {The University of Michigan},
	Title = {Large Scale Simulations of Multiphase Flows},
	Year = {2002}}

@phdthesis{Tauber-thesis:02,
	Author = {Warren B. Tauber},
	Date-Added = {2008-05-27 11:20:34 -0400},
	Date-Modified = {2008-05-27 11:20:34 -0400},
	School = {The University of Michigan},
	Title = {Computations of Atomization},
	Year = {2002}}

@inproceedings{Esmaeeli:94,
	Author = {A. Esmaeeli and E. Ervin and G. Tryggvason},
	Booktitle = {Bubble Dynamics and Interface Phenomena},
	Date-Added = {2008-05-27 11:20:34 -0400},
	Date-Modified = {2008-05-27 11:20:34 -0400},
	Editor = {J. R. Blake and J. M. Boulton-Stone and N. H. Thomas},
	Pages = {247--255},
	Publisher = {Kluwer},
	Title = {Numerical Simulations of rising bubbles},
	Year = {1994}}

@inproceedings{Goz:00,
	Author = {M. F. G{\"o}z and B. Bunner and M. Sommerfeld and G. Tryggvason},
	Booktitle = {Proceedings of the ASME FEDSM'00 ASME 2000 Fluids Engineering Division Summer Meeting June 11-15, 2000, Boston, Massachusetts},
	Date-Added = {2008-05-27 11:20:34 -0400},
	Date-Modified = {2008-05-27 11:20:34 -0400},
	Title = {FEDSM2000-11151: The Unsteady Dynamics of Two-Dimensional Bubbles in a Regular Array},
	Year = {2000}}

@inproceedings{Goz:01,
	Author = {M. F. G{\"o}z and B. Bunner and M. Sommerfeld and G. Tryggvason},
	Booktitle = {Proc. 4th Int. Conf. on Multiphase Flow},
	Date-Added = {2008-05-27 11:20:34 -0400},
	Date-Modified = {2008-05-27 11:20:34 -0400},
	Publisher = {Tulane University, New Orleans},
	Title = {Direct Numerical Simulation of Bidisperse Bubble Swarms},
	Year = {2001}}

@inproceedings{Goz:02,
	Author = {M. F. G{\"o}z and B. Bunner and M. Sommerfeld and G. Tryggvason},
	Booktitle = {Proceedings of the ASME FEDSM'02 ASME 2002 Fluids Engineering Division Summer Meeting June 14-18, 2002, Montreal, Quebec, Canada},
	Date-Added = {2008-05-27 11:20:34 -0400},
	Date-Modified = {2008-05-27 11:20:34 -0400},
	Title = {FEDSM2002-31395: Microstructure of a Bidisperse Swarm of Spherical Bubbles},
	Year = {2002}}

@article{Bunner1:02,
	Author = {B. Bunner and G. Tryggvason},
	Date-Added = {2008-05-27 11:20:34 -0400},
	Date-Modified = {2008-05-27 11:20:34 -0400},
	Journal = {J. Fluid Mech.},
	Pages = {17--52},
	Title = {Dynamics of Homogeneous Bubbly Flows. {P}art 1. {R}ise Velocity and Microstructure of the Bubbles},
	Volume = {466},
	Year = {2002}}

@article{Drew:83,
	Author = {D. A. Drew},
	Date-Added = {2008-05-27 11:20:34 -0400},
	Date-Modified = {2008-05-27 11:20:34 -0400},
	Journal = {Ann. Rev. Fluid Mech.},
	Pages = {261--291},
	Title = {Mathematical modeling of two-phase flow},
	Volume = {15},
	Year = {1983}}

@inproceedings{Powell:98,
	Author = {K. Powell},
	Booktitle = {Computational Fluid Dynamics Reviews},
	Chapter = {Solution of the {E}uler Equations on Solution-Adaptive {C}artesian Grids},
	Date-Added = {2008-05-27 11:20:34 -0400},
	Date-Modified = {2009-06-02 02:31:46 -0400},
	Editor = {M. Hafez and K. Oshima},
	Pages = {65-92},
	Publisher = {World Scientific},
	Title = {Solution of the {E}uler Equations on Solution-Adaptive {C}artesian Grids},
	Volume = {1},
	Year = {1998}}

@book{Clift:78,
	Author = {R. Clift and J.R. Grace and M.E. Weber},
	Date-Added = {2008-05-27 11:20:34 -0400},
	Date-Modified = {2008-05-27 11:20:35 -0400},
	Publisher = {Academic Press},
	Title = {Bubbles, Drops, and Particles},
	Year = {1978}}

@book{Kakac:83,
	Author = {S. Kakac and M. Ishii},
	Date-Added = {2008-05-27 11:20:34 -0400},
	Date-Modified = {2008-05-27 11:20:35 -0400},
	Publisher = {Martinus Nijhoff Publishers},
	Title = {Advances in Two-phase Flow and Heat Transfer, Fundamentals and Applications, Vol. I and II},
	Year = {1983}}

@book{Happel:81,
	Author = {J. Happel and H. Brenner},
	Date-Added = {2008-05-27 11:20:34 -0400},
	Date-Modified = {2008-05-27 11:20:35 -0400},
	Publisher = {Kluwer},
	Title = {Low Reynolds Number Hydrodynamics},
	Year = {1981}}

@article{Aref:87,
	Author = {H. Aref and S.W. Jones and G. Tryggvason},
	Date-Added = {2008-05-27 11:20:34 -0400},
	Date-Modified = {2008-05-27 11:20:35 -0400},
	Journal = {Complex Systems},
	Pages = {545--558},
	Title = {On Lagrangian Aspects of Flow Simulation},
	Volume = {1},
	Year = {1987}}

@article{Tryggvason:88,
	Author = {G. Tryggvason},
	Date-Added = {2008-05-27 11:20:34 -0400},
	Date-Modified = {2009-06-14 19:40:47 -0400},
	Journal = {J. Comput. Phys.},
	Pages = {253--282},
	Title = {Numerical Simulation of the Rayleigh-Taylor Instability},
	Volume = {75},
	Year = {1988}}

@article{Tryggvason-mix:91,
	Author = {G. Tryggvason and W.J.A. Dahm},
	Date-Added = {2008-05-27 11:20:34 -0400},
	Date-Modified = {2008-05-27 11:20:35 -0400},
	Journal = {J. Comb and Flames},
	Pages = {207--220},
	Title = {An Integral Method for Mixing Chemical Reactions, and Extinction in Unsteady, Strained Diffusion Layers},
	Volume = {83},
	Year = {1991}}

@article{Chang:91,
	Author = {C.H.H. Chang and W.J.A. Dahm and G. Tryggvason},
	Date-Added = {2008-05-27 11:20:34 -0400},
	Date-Modified = {2008-05-27 11:20:35 -0400},
	Journal = {Phys of Fluids A},
	Pages = {1300--1311},
	Title = {Lagrangian Model Simulations of Molecular Mixing, Including Finite Rate Chemical Reactions, in a Temporally Developing Shear Layer},
	Volume = {3},
	Year = {1991}}

@article{Dahm:96,
	Author = {W.J.A. Dahm and G. Tryggvason and M. Zhuang},
	Date-Added = {2008-05-27 11:20:34 -0400},
	Date-Modified = {2008-05-27 11:20:35 -0400},
	Journal = {SIAM J. Appl. Math.},
	Pages = {1039--1059},
	Title = {Integral Method Solution of Time-Dependent Strained Diffusion-Reaction Equations with Multi-Step Kinetics},
	Volume = {56(4)},
	Year = {1996}}

@article{Esmaeeli:96,
	Author = {A. Esmaeeli and G. Tryggvason},
	Date-Added = {2008-05-27 11:20:34 -0400},
	Date-Modified = {2008-12-22 12:44:56 -0500},
	Journal = {J. Fluid Mech.},
	Pages = {315--330},
	Title = {An Inverse Energy Cascade in Two-Dimensional, Low {R}eynolds Number Bubbly Flows},
	Volume = {314},
	Year = {1996}}

@article{Agresar:98,
	Author = {G. Agresar and J. J. Linderman and G. Tryggvason and K.G. Powell},
	Date-Added = {2008-05-27 11:20:34 -0400},
	Date-Modified = {2008-05-27 11:20:35 -0400},
	Journal = {J. Comput. Phys.},
	Pages = {346--380},
	Title = {An Adaptive, {C}artesian, Front-Tracking Method for the Motion, Deformation and Adhesion of Circulating Cells},
	Volume = {43},
	Year = {1998}}

@article{Esmaeeli:98,
	Author = {A. Esmaeeli and G. Tryggvason},
	Date-Added = {2008-05-27 11:20:34 -0400},
	Date-Modified = {2008-12-22 12:45:51 -0500},
	Journal = {J. Fluid Mech.},
	Pages = {313--345},
	Title = {Direct Numerical Simulations of Bubbly Flows. {P}art {I}. {L}ow {R}eynolds Number Arrays},
	Volume = {377},
	Year = {1998}}

@article{Esmaeeli:99,
	Author = {A. Esmaeeli and G. Tryggvason},
	Date-Added = {2008-05-27 11:20:34 -0400},
	Date-Modified = {2008-12-22 12:45:42 -0500},
	Journal = {J. Fluid Mech.},
	Pages = {325--358},
	Title = {Direct Numerical Simulations of Bubbly Flows. {P}art {II}. {M}oderate {R}eynolds Number Arrays},
	Volume = {385},
	Year = {1999}}

@article{Han:99,
	Author = {J. Han and G. Tryggvason},
	Date-Added = {2008-05-27 11:20:34 -0400},
	Date-Modified = {2008-05-27 11:20:35 -0400},
	Journal = {Phys. Fluids},
	Pages = {3650--3667},
	Title = {Secondary Breakup of Liquid Drops in Axisymmetric Geometry---Part I, Constant Acceleration},
	Volume = {11},
	Year = {1999}}

@article{Mortazavi:00,
	Author = {S. Mortazavi and G. Tryggvason},
	Date-Added = {2008-05-27 11:20:34 -0400},
	Date-Modified = {2008-05-27 11:20:35 -0400},
	Journal = {J. Fluid Mech.},
	Pages = {325--350},
	Title = {A numerical study of the motion of drops in Poiseuille flow. Part 1. Lateral migration of one drop},
	Volume = {411},
	Year = {2000}}

@article{Ramachandran:00,
	Author = {V. Ramachandran and R. Venkatesan and G. Tryggvason and H. S. Fogler},
	Date-Added = {2008-05-27 11:20:34 -0400},
	Date-Modified = {2008-05-27 11:20:35 -0400},
	Journal = {J. Colloid and Interface Science},
	Pages = {311--322},
	Title = {Low Reynolds Number Interactions Between Colloidal Particles Near the Entrance to a Cylindrical Pore},
	Volume = {229},
	Year = {2000}}

@article{Han:01,
	Author = {J. Han and G. Tryggvason},
	Date-Added = {2008-05-27 11:20:34 -0400},
	Date-Modified = {2008-05-27 11:20:35 -0400},
	Journal = {Phys. Fluids},
	Pages = {1554--1565},
	Title = {Secondary Breakup of Liquid Drops in Axisymmetric Geometry-Part II. Impulsive Acceleration},
	Volume = {13},
	Year = {2001}}

@article{Bunner2:02,
	Author = {B. Bunner and G. Tryggvason},
	Date-Added = {2008-05-27 11:20:34 -0400},
	Date-Modified = {2009-11-04 10:44:54 -0500},
	Journal = {J. Fluid Mech.},
	Pages = {53--84},
	Title = {Dynamics of Homogeneous Bubbly Flows. {P}art 2. {V}elocity Fluctuations},
	Volume = {466},
	Year = {2002}}

@phdthesis{Chang-thesis:94,
	Author = {C.H. Chang},
	Date-Added = {2008-05-27 11:20:34 -0400},
	Date-Modified = {2008-05-27 11:20:35 -0400},
	School = {The University of Michigan},
	Title = {A Local Integral Model of Chemically Reacting Flows, Including Finite Rate Effects},
	Year = {1994}}

@phdthesis{Nas-thesis:95,
	Author = {S. Nas},
	Date-Added = {2008-05-27 11:20:34 -0400},
	Date-Modified = {2008-05-27 11:20:35 -0400},
	School = {The University of Michigan},
	Title = {Computational Investigation of Thermocapillary Migration of Bubbles and Drops in Zero Gravity},
	Year = {1995}}

@phdthesis{Che-thesis:99,
	Author = {J. Che},
	Date-Added = {2008-05-27 11:20:34 -0400},
	Date-Modified = {2008-05-27 11:20:35 -0400},
	School = {The University of Michigan},
	Title = {Numerical Simulations of Complex Multiphase Flows: Electrohydrodynamics and solidification of droplets},
	Year = {1999}}

@article{Koplik88,
	Author = {J. Koplik and J. R. Banavar and J. F. Willemsen},
	Date-Added = {2008-05-27 11:20:34 -0400},
	Date-Modified = {2008-12-22 13:56:05 -0500},
	Journal = {Phys. Rev. Lett.},
	Month = {Mar},
	Pages = {1282--1285},
	Title = {Molecular dynamics of {P}oiseuille flow and moving contact lines},
	Volume = {60},
	Year = {1988},
	Bdsk-Url-1 = {http://dx.doi.org/10.1103/PhysRevLett.60.1282}}

@article{Knoll:99,
	Address = {Philadelphia, PA, USA},
	Author = {D. A. Knoll and W. J. Rider},
	Date-Added = {2008-05-27 11:20:34 -0400},
	Date-Modified = {2008-05-27 11:20:35 -0400},
	Doi = {http://dx.doi.org/10.1137/S1064827598332709},
	Issn = {1064-8275},
	Journal = {SIAM J. Sci. Comput.},
	Number = {2},
	Pages = {691--710},
	Publisher = {Society for Industrial and Applied Mathematics},
	Title = {A Multigrid Preconditioned Newton--Krylov Method},
	Volume = {21},
	Year = {1999},
	Bdsk-Url-1 = {http://dx.doi.org/10.1137/S1064827598332709}}

@article{PerniceTocci:01,
	Address = {Philadelphia, PA, USA},
	Author = {M. Pernice and M. D. Tocci},
	Date-Added = {2008-05-27 11:20:34 -0400},
	Date-Modified = {2008-05-27 11:20:35 -0400},
	Doi = {http://dx.doi.org/10.1137/S1064827500372250},
	Issn = {1064-8275},
	Journal = {SIAM J. Sci. Comput.},
	Number = {2},
	Pages = {398--418},
	Publisher = {Society for Industrial and Applied Mathematics},
	Title = {A Multigrid-Preconditioned Newton--Krylov Method for the Incompressible Navier--Stokes Equations},
	Volume = {23},
	Year = {2001},
	Bdsk-Url-1 = {http://dx.doi.org/10.1137/S1064827500372250}}

@article{Yang:06,
	Author = {X. Yang and J. J. Feng and C. Liu and J. Shen},
	Date-Added = {2008-05-27 11:20:34 -0400},
	Date-Modified = {2008-12-22 11:54:08 -0500},
	Journal = {J. Comput. Phys.},
	Number = {1},
	Pages = {417--428},
	Title = {Numerical simulations of jet pinching-off and drop formation using an energetic variational phase-field method},
	Volume = {218},
	Year = {2006},
	Bdsk-Url-1 = {http://dx.doi.org/10.1016/j.jcp.2006.02.021}}

@article{CortezMinion:00,
	Author = {R. Cortez and M. Minion},
	Date-Added = {2008-05-27 11:20:34 -0400},
	Date-Modified = {2009-06-14 19:29:59 -0400},
	Journal = {J. Comput. Phys.},
	Pages = {428--453},
	Title = {The Blob Projection Method for Immersed Boundary Problems},
	Volume = {161},
	Year = {2000}}

@article{KnollKeyes:04,
	Author = {D. A. Knoll and D. E. Keyes},
	Date-Added = {2008-05-27 11:20:34 -0400},
	Date-Modified = {2009-06-14 19:33:36 -0400},
	Journal = {J. Comput. Phys.},
	Pages = {357-397},
	Title = {Jacobian-free Newton-Krylov methods: a survey of approaches and applications},
	Volume = {193},
	Year = {2004}}

@article{ChristenJohansson:93,
	Author = {B. Christer and V. Johansson},
	Date-Added = {2008-05-27 11:20:34 -0400},
	Date-Modified = {2009-06-14 19:29:27 -0400},
	Journal = {J. Comput. Phys.},
	Pages = {233-251},
	Title = {Boundary Conditions for Open Boundaries for the Incompressible Navier-Stokes Equation},
	Volume = {105},
	Year = {1993}}

@article{CristiniBlawzdziewiczLoewenberg:98,
	Author = {V. Cristini and J. B{\l}awzdziewicz and M. Loewenberg},
	Date-Added = {2008-05-27 11:20:34 -0400},
	Date-Modified = {2008-05-27 11:20:35 -0400},
	Journal = {Phys. Fluids.},
	No = {ZW1.19},
	Pages = {1781--1784},
	Title = {Drop breakup in three-dimensional viscous flows},
	Volume = {10},
	Year = {1998}}

@book{Hockney:81,
	Author = {R.W. Hockney and J.W Eastwood},
	Date-Added = {2008-05-27 11:20:34 -0400},
	Date-Modified = {2008-05-27 11:20:35 -0400},
	Publisher = {McGraw-Hill},
	Title = {Computer Simulation Using Particles},
	Year = {1981}}

@book{Birdsall:85,
	Author = {C.K. Birdsall and A.B Langdon},
	Date-Added = {2008-05-27 11:20:34 -0400},
	Date-Modified = {2008-05-27 11:20:35 -0400},
	Publisher = {McGraw-Hill},
	Title = {Plasma Physics via Computer Simulation},
	Year = {1985}}

@book{Thompson:89,
	Author = {J. F. Thompson and B. K. Soni and N. P. Weatherill},
	Date-Added = {2008-05-27 11:20:34 -0400},
	Date-Modified = {2008-12-22 13:54:04 -0500},
	Publisher = {CRC-Press},
	Title = {Handbook of Grid Generation},
	Year = {1998}}

@book{Briggs:87,
	Author = {W. L. Briggs},
	Date-Added = {2008-05-27 11:20:34 -0400},
	Date-Modified = {2008-05-27 11:20:35 -0400},
	Publisher = {SIAM Books, Philadelphia},
	Title = {A Multigrid Tutorial},
	Year = {1987}}

@article{Nas:06,
	Author = {S. Nas and M. Muradoglu and G. Tryggvason},
	Date-Modified = {2008-08-10 13:07:32 -0400},
	Journal = {Int. J. Heat and Mass Transfer},
	Pages = {2265-2276},
	Title = {Pattern Formation of Drops in Thermocapillary Migration},
	Volume = {49},
	Year = {2006}}

@article{LuBiswas:06,
	Author = {J. Lu and S. Biswas and G. Tryggvason},
	Date-Modified = {2008-05-27 12:47:18 -0400},
	Journal = {Int. J. Multiphase Flow},
	Pages = {643-660},
	Title = {A {DNS} study of laminar bubbly flows in a vertical channel},
	Volume = {32},
	Year = {2006}}

@article{Lu:06,
	Author = {J. Lu and G. Tryggvason},
	Journal = {Phys. Fluids},
	Pages = {103302},
	Title = {Numerical study of turbulent bubbly downflows in a vertical channel},
	Volume = {18},
	Year = {2006}}

@article{Lu:07,
	Author = {J. Lu and G. Tryggvason},
	Journal = {Chemical Engineering Science},
	Pages = {3008-3018},
	Title = {Effect of Bubble Size in Turbulent Bubbly Downflow in a Vertical Channel},
	Volume = {62},
	Year = {2007}}

@article{Radl:07,
	Author = {S. Radl, G. Tryggvason and J. Khinast},
	Journal = {AIChE Journal},
	Pages = {1861-1878},
	Title = {Flow and Mass Transfer of Fully Resolved Bubbles in non-Newtonian Fluids},
	Volume = {53},
	Year = {2007}}

@article{Biswas:07,
	Author = {S. Biswas and G. Tryggvason},
	Journal = {Int. J. Multiphase Flow},
	Title = {The transient buoyancy driven motion of bubbles across a two-dimensional quiescent domain},
	Volume = {33},
	Year = {2007}}

@article{Koynov:07,
	Author = {A. Koynov and G. Tryggvason and J G Khinast},
	Journal = {Biotechnol Bioeng.},
	Pages = {317-331},
	Title = {Characterization of the localized hydrodynamic shear forces and dissolved oxygen distribution in sparged bioreactors},
	Volume = {97},
	Year = {2007}}

@article{Muradoglu:08,
	Author = {M. Muradoglu and G. Tryggvason},
	Date-Modified = {2009-06-14 19:36:55 -0400},
	Journal = {J. Comput. Phys.},
	Pages = {2238-2262},
	Title = {A front-tracking method for computation of interfacial flows with soluble surfactants},
	Volume = {227},
	Year = {2008}}

@article{Lu:08,
	Author = {J. Lu and G. Tryggvason},
	Journal = {Phys. Fluids},
	Pages = {040701},
	Title = {Effect of Bubble Deformability in Turbulent Bubbly Upflow in a Vertical Channel},
	Volume = {20},
	Year = {2008}}

@article{Palacios:08,
	Author = {J. Palacios and G. Tryggvason},
	Journal = {AMD Contemporary Mathematics Series},
	Title = {The transient motion of buoyant bubbles in a vertical Couette flow}}

@article{Delale:08,
	Author = {C.F. Delale and G. Tryggvason},
	Doi = {10.1007/s00193-008-0126-1},
	Journal = {Shock Waves},
	Title = {Shock structure in bubbly liquids: Comparison of Direct Numerical Simulations and model equations},
	Volume = {17},
	Year = {2008},
	Bdsk-Url-1 = {http://dx.doi.org/10.1007/s00193-008-0126-1}}

@article{ShuOsh89,
	Author = {C.W. Shu and S. Osher},
	Date-Modified = {2008-06-02 05:23:55 -0400},
	Journal = {J. Comput. Phys.},
	Pages = {32-78},
	Title = {Efficient Implementation of Essentially Non-Oscillatory Shock Capturing Schemes, {II}},
	Volume = {83},
	Year = {1989}}

@article{vanLeer77-iv,
	Author = {van Leer, B.},
	Date-Modified = {2008-06-02 05:24:46 -0400},
	Journal = {J. Comput. Phys.},
	Pages = {276-299},
	Title = {Toward the ultimate conservative difference scheme. {IV. A} new approach to numerical convection},
	Volume = {23},
	Year = {1977}}

@article{Deen20041853,
	Author = {N. G. Deen and M. van Sint Annaland and J. A. M. Kuipers},
	Date-Modified = {2008-12-22 13:59:07 -0500},
	Journal = {Chemical Engineering Science},
	Keywords = {Bubble columns},
	Pages = {1853--1861},
	Title = {Multi-scale modeling of dispersed gas-liquid two-phase flow},
	Volume = {59},
	Year = {2004},
	Bdsk-Url-1 = {http://www.sciencedirect.com/science/article/B6TFK-4C56M50-1/2/7955b7e5648dbf1c75918b80b2baf214},
	Bdsk-Url-2 = {http://dx.doi.org/10.1016/j.ces.2004.01.038}}

@article{Wang2004325,
	Author = {Y. Wang and X. Lu and L. Zhuang and Z. Tang and W. Hu},
	Date-Modified = {2008-12-22 11:56:57 -0500},
	Journal = {Acta Astronautica},
	Pages = {325--335},
	Title = {Numerical simulation of drop {M}arangoni migration under microgravity},
	Volume = {54},
	Year = {2004},
	Bdsk-Url-1 = {http://www.sciencedirect.com/science/article/B6V1N-48KF7P0-1/2/ee476819d70c9c9d4925f4311b5458d1},
	Bdsk-Url-2 = {http://dx.doi.org/10.1016/S0094-5765(03)00158-9}}

@article{Gao20082101,
	Author = {P. Gao and Z. Yin and W. Hu},
	Journal = {Advances in Space Research},
	Keywords = {Front-tracking method},
	Number = {12},
	Pages = {2101 - 2106},
	Title = {Thermocapillary motion of droplets at large {M}arangoni numbers},
	Volume = {41},
	Year = {2008}}

@book{Subramanian:01,
	Author = {R. S. Subramanian and R. Balasubramaniam},
	Publisher = {Cambridge University Press},
	Title = {The Motion of Bubbles and Drops in Reduced Gravity},
	Year = {2001}}

@book{DavisRideal:66,
	Author = {J. T. Davies and E. K. Rideal},
	Publisher = {Academic Press},
	Title = {Interfacial Phenomena},
	Year = {1966}}

@article{Tomar:1322683,
	Author = {G. Tomar and D. Gerlach and G. Biswas and N. Alleborn and A. Sharma and F. Durst and S. W. J. Welch and A. Delgado},
	Date-Modified = {2008-12-22 12:56:01 -0500},
	Journal = {J. Comput. Phys.},
	Pages = {1267--1285},
	Title = {Two-phase electrohydrodynamic simulations using a volume-of-fluid approach},
	Volume = {227},
	Year = {2007},
	Bdsk-Url-1 = {http://dx.doi.org/10.1016/j.jcp.2007.09.003}}

@article{Tomar:112103,
	Author = {G. Tomar and G. Biswas and A. Sharma and A. Agrawal},
	Date-Modified = {2008-12-22 12:55:32 -0500},
	Journal = {Phys. Fluids},
	Keywords = {bubbles; two-phase flow; flow simulation; film boiling; surface tension; heat transfer; flow instability; fluid oscillations},
	Pages = {112103},
	Title = {Numerical simulation of bubble growth in film boiling using a coupled level-set and volume-of-fluid method},
	Volume = {17},
	Year = {2005},
	Bdsk-Url-1 = {http://link.aip.org/link/?PHF/17/112103/1},
	Bdsk-Url-2 = {http://dx.doi.org/10.1063/1.2136357}}

@article{hua:113302,
	Author = {J. Hua and L. K. Lim and C.-H. Wang},
	Date-Modified = {2008-12-22 12:06:49 -0500},
	Journal = {Phys. Fluids},
	Keywords = {drops; electrohydrodynamics; finite volume methods; flow simulation; Navier-Stokes equations; pattern formation; suspensions; two-phase flow},
	Pages = {113302},
	Title = {Numerical simulation of deformation/motion of a drop suspended in viscous liquids under influence of steady electric fields},
	Volume = {20},
	Year = {2008},
	Bdsk-Url-1 = {http://link.aip.org/link/?PHF/20/113302/1},
	Bdsk-Url-2 = {http://dx.doi.org/10.1063/1.3021065}}

@article{fernandez:043303,
	Author = {A. Fernandez},
	Date-Modified = {2008-12-22 12:07:34 -0500},
	Journal = {Phys. Fluids},
	Keywords = {aggregation; drops; electrical conductivity; electrorheology; emulsions; permittivity; shear deformation; suspensions},
	Pages = {043303},
	Title = {Response of an emulsion of leaky dielectric drops immersed in a simple shear flow: drops more conductive than the suspending fluid},
	Volume = {20},
	Year = {2008},
	Bdsk-Url-1 = {http://link.aip.org/link/?PHF/20/043303/1},
	Bdsk-Url-2 = {http://dx.doi.org/10.1063/1.2892635}}

@article{fernandez:043304,
	Author = {A. Fernandez},
	Date-Modified = {2008-12-22 12:08:05 -0500},
	Journal = {Phys. Fluids},
	Keywords = {deformation; drops; electrical conductivity; electrohydrodynamics; emulsions; permittivity; shear flow; surface tension; viscosity},
	Pages = {043304},
	Title = {Response of an emulsion of leaky dielectric drops immersed in a simple shear flow: drops less conductive than the suspending fluid},
	Volume = {20},
	Year = {2008},
	Bdsk-Url-1 = {http://link.aip.org/link/?PHF/20/043304/1},
	Bdsk-Url-2 = {http://dx.doi.org/10.1063/1.2899636}}

@article{Welch:012106,
	Author = {S. W. J. Welch and G. Biswas},
	Date-Modified = {2008-12-22 11:55:59 -0500},
	Journal = {Phys. Fluids},
	Keywords = {film boiling; electrohydrodynamics; mass transfer; surface tension},
	Pages = {012106},
	Title = {Direct simulation of film boiling including electrohydrodynamic forces},
	Volume = {19},
	Year = {2007},
	Bdsk-Url-1 = {http://link.aip.org/link/?PHF/19/012106/1},
	Bdsk-Url-2 = {http://dx.doi.org/10.1063/1.2433995}}

@article{tasoglu:040805,
	Author = {S. Tasoglu and U. Demirci and M. Muradoglu},
	Date-Modified = {2008-12-22 11:58:37 -0500},
	Journal = {Phys. Fluids},
	Keywords = {bubbles; deformation; elasticity; finite difference methods; surfactants; two-phase flow},
	Pages = {040805},
	Title = {The effect of soluble surfactant on the transient motion of a buoyancy-driven bubble},
	Volume = {20},
	Year = {2008},
	Bdsk-Url-1 = {http://link.aip.org/link/?PHF/20/040805/1},
	Bdsk-Url-2 = {http://dx.doi.org/10.1063/1.2912441}}

@article{1219364,
	Address = {San Diego, CA, USA},
	Author = {David J. Torres and Mario F. Trujillo},
	Doi = {http://dx.doi.org/10.1016/j.jcp.2006.07.006},
	Issn = {0021-9991},
	Journal = {J. Comput. Phys.},
	Number = {2},
	Pages = {943--975},
	Publisher = {Academic Press Professional, Inc.},
	Title = {KIVA-4: An unstructured ALE code for compressible gas flow with sprays},
	Volume = {219},
	Year = {2006},
	Bdsk-Url-1 = {http://dx.doi.org/10.1016/j.jcp.2006.07.006}}

@article{Radl20083279,
	Author = {S. Radl and A. Koynov and G. Tryggvason and J. G. Khinast},
	Date-Modified = {2008-12-22 12:02:10 -0500},
	Journal = {Chemical Engineering Science},
	Keywords = {Hydrogenation},
	Pages = {3279--3291},
	Title = {{DNS}-based prediction of the selectivity of fast multiphase reactions: Hydrogenation of nitroarenes},
	Volume = {63},
	Year = {2008},
	Bdsk-Url-1 = {http://www.sciencedirect.com/science/article/B6TFK-4S4JYT5-3/2/ecaeff277cb7680a7daf6be7cb2bc814},
	Bdsk-Url-2 = {http://dx.doi.org/10.1016/j.ces.2008.03.025}}

@article{Khinast20033961,
	Author = {J. G. Khinast and A. A. Koynov and T. M. Leib},
	Date-Modified = {2008-12-22 12:05:12 -0500},
	Journal = {Chemical Engineering Science},
	Keywords = {Bubble column reactor},
	Pages = {3961--3971},
	Title = {Reactive mass transfer at gas-liquid interfaces: impact of micro-scale fluid dynamics on yield and selectivity of liquid-phase cyclohexane oxidation},
	Volume = {58},
	Year = {2003},
	Bdsk-Url-1 = {http://www.sciencedirect.com/science/article/B6TFK-497R7CB-2/2/25ca0f83687f0c969d1a2925f99e4b57},
	Bdsk-Url-2 = {http://dx.doi.org/10.1016/S0009-2509(03)00311-7}}

@article{Annaland:05,
	Abstract = {In this paper a hybrid model is presented for the numerical simulation of gas-liquid-solid flows using a combined front tracking (FT) and discrete particle (DP) approach applied for, respectively, dispersed gas bubbles and },
	Author = {M Annaland and N.G. Deen and J.A.M. Kuipers},
	Date-Added = {2007-11-11 15:53:19 -0500},
	Date-Modified = {2008-12-21 09:33:02 -0500},
	Journal = {Chemical Engineering Science},
	Local-Url = {file://localhost/Users/gretar/Documents/Papers/2005/Annaland2005.pdf},
	Pages = {6188-6198},
	Pmid = {11160627730782980587related:64mxI8qD4poJ},
	Rating = {0},
	Title = {Numerical simulation of gas-liquid-solid flows using a combined front tracking and discrete particle {\ldots}},
	Uri = {papers://4982F6C9-55A0-4B00-8C70-4E30ED231AB7/Paper/p13},
	Url = {http://www.cheric.org/research/tech/periodicals/vol_view.php?seq=514193},
	Volume = {60},
	Year = {2005},
	Bdsk-File-1 = {YnBsaXN0MDDUAQIDBAUIJidUJHRvcFgkb2JqZWN0c1gkdmVyc2lvblkkYXJjaGl2ZXLRBgdUcm9vdIABqAkKFRYXGyIjVSRudWxs0wsMDQ4RFFpOUy5vYmplY3RzV05TLmtleXNWJGNsYXNzog8QgASABqISE4ACgAOAB1lhbGlhc0RhdGFccmVsYXRpdmVQYXRo0hgNGRpXTlMuZGF0YU8RAbIAAAAAAbIAAgAADE1hY2ludG9zaCBIRAAAAAAAAAAAAAAAAAAAAMY6lcRIKwAAABZGdxBBbm5hbGFuZDIwMDUucGRmAAAAAAAAAAAAAAAAAAAAAAAAAAAAAAAAAAAAAAAAAAAAAAAAAAAAAAAAAAAAAAAAFkaBwlABmwAAAAAAAAAAAAQABAAACSAAAAAAAAAAAAAAAAAAAAAEMjAwNQAQAAgAAMY6zgQAAAARAAgAAMJQOdsAAAABABQAFkZ3ABZGAwAL1ywAC9cVAACF7QACAEpNYWNpbnRvc2ggSEQ6VXNlcnM6Z3JldGFydHJ5Z2d2YXNvbjpEb2N1bWVudHM6UGFwZXJzOjIwMDU6QW5uYWxhbmQyMDA1LnBkZgAOACIAEABBAG4AbgBhAGwAYQBuAGQAMgAwADAANQAuAHAAZABmAA8AGgAMAE0AYQBjAGkAbgB0AG8AcwBoACAASABEABIAPVVzZXJzL2dyZXRhcnRyeWdndmFzb24vRG9jdW1lbnRzL1BhcGVycy8yMDA1L0FubmFsYW5kMjAwNS5wZGYAABMAAS8AABUAAgAX//8AAIAF0hwdHh9YJGNsYXNzZXNaJGNsYXNzbmFtZaMfICFdTlNNdXRhYmxlRGF0YVZOU0RhdGFYTlNPYmplY3RfEDIuLi8uLi8uLi8uLi9Eb2N1bWVudHMvUGFwZXJzLzIwMDUvQW5uYWxhbmQyMDA1LnBkZtIcHSQloiUhXE5TRGljdGlvbmFyeRIAAYagXxAPTlNLZXllZEFyY2hpdmVyAAgAEQAWAB8AKAAyADUAOgA8AEUASwBSAF0AZQBsAG8AcQBzAHYAeAB6AHwAhgCTAJgAoAJWAlgCXQJmAnECdQKDAooCkwLIAs0C0ALdAuIAAAAAAAACAQAAAAAAAAAoAAAAAAAAAAAAAAAAAAAC9A==},
	Bdsk-Url-1 = {http://www.cheric.org/research/tech/periodicals/vol_view.php?seq=514193}}

@article{Cortez:00,
	Author = {R. Cortez and M. Minon},
	Date-Modified = {2009-06-14 19:29:50 -0400},
	Journal = {J. Comput. Phys.},
	Pages = {428--453},
	Title = {The Blob Projection Method for Immersed Boundary Problems},
	Volume = {161},
	Year = {2000}}

@article{Hou:01,
	Author = {T. Y. Hou and J. S. Lowengrub and M. J. Shelley},
	Journal = {J. Comput. Phys.},
	Pages = {302--362},
	Title = {Boundary Integral Methods for Multicomponent Fluids and Multiphase Materials},
	Volume = {169},
	Year = {2001}}

@article{Hou:97,
	Author = {T. Y. Hou and J. S. Lowengrub and M. J. Shelley},
	Journal = {Phys. Fluids},
	Pages = {1933-},
	Title = {The Long-Time Motion of Vortex Sheets with Surface Tension},
	Volume = {9},
	Year = {1997}}

@article{Jamet:01,
	Author = {D. Jamet and O. Lebaigue and N. Coutris and J. M. Delhaye},
	Journal = {J. Comput. Phys.},
	Pages = {624--651},
	Title = {Feasibility of using the Second Gradient Theory for the Direct Numerical Simulations of Liquid-Vapor Flows with Phase-Change},
	Volume = {169},
	Year = {2001}}

@article{Jamet:02,
	Author = {D. Jamet and D. Torres and J. U. Brackbill},
	Journal = {J. Comput. Phys.},
	Pages = {262--276},
	Title = {On the theory and computation of surface tension: the elimination of parasitic currents through energy conservation in the second-gradient method},
	Volume = {182},
	Year = {2002}}

@article{Jeong:01,
	Author = {J.-H. Jeong and N. Goldenfield and J. A. Dantzig},
	Journal = {Phys. Review E},
	Pages = {041602},
	Title = {Phase field model for three-dimensional dendritic growth with fluid flow},
	Volume = {64},
	Year = {2001}}

@article{Jiang:92,
	Author = {Y. J. Jiang and A. Umemura and C. K. Law},
	Journal = {J. Fluid Mech.},
	Pages = {171--190},
	Title = {An experimental investigation on the collision behavior of hydrocarbon droplets},
	Volume = {234},
	Year = {1992}}

@article{Johnson:97,
	Author = {A. A Johnson and T. E. Tezduyar},
	Journal = {Comput. Methods Appl. Mech. Engrg.},
	Pages = {301--321},
	Title = {3{D} simulation of fluid-particle interactions with the number of particles reaching 100},
	Volume = {145},
	Year = {1997}}

@article{Karma:97,
	Author = {A. Karma and W. J. Rappel},
	Date-Modified = {2009-05-29 07:53:47 -0400},
	Journal = {J. Crystal Growth},
	Pages = {54--64},
	Title = {Phase-field simulation of three-dimensional dendrites: is microscopic solvability theory correct?},
	Volume = {174},
	Year = {1997}}

@article{Karma:98,
	Author = {A. Karma and W.-J. Rappel},
	Journal = {Phys. Rev. E},
	Pages = {4323--4349},
	Title = {Quantitative Phase-Field Modeling of Dendritic Growth in Two and Three Dimensions},
	Volume = {57},
	Year = {1998}}

@article{Kennedy:94,
	Author = {M. R. Kennedy and C. Pozrikidis and R. Skalak},
	Journal = {Computers Fluids},
	Pages = {251--278},
	Title = {Motion and Deformation of Liquid Drops, and the Rheology of Dilute Emulsions in Simple Shear Flows},
	Volume = {23},
	Year = {1994}}

@article{Klimenko:81,
	Author = {V. V. Klimenko},
	Journal = {Int. J. Heat and Mass Transfer},
	Pages = {69--79},
	Title = {Film Boiling on a Horizontal Plate - New Correlation},
	Volume = {24},
	Year = {1981}}

@article{Knoll:98,
	Author = {D. A. Knoll and W. J. Rider},
	Journal = {SIAM J. Sci. Comput.},
	Pages = {691--710},
	Title = {A Multigrid Preconditioned Newton-Krylov Method},
	Volume = {21},
	Year = {1998}}

@inproceedings{Kobayashi:92,
	Author = {R. Kobayashi},
	Booktitle = {Pattern Formation in Complex Dissipative Systems},
	Editor = {S. Kai},
	Pages = {121-128},
	Publisher = {World Scientific, Singapore},
	Title = {Simulations of Three-Dimensional Dendrites},
	Year = {1992}}

@article{Koch:01,
	Author = {D. L. Koch and R. J. Hill},
	Journal = {Ann Rev. Fluid Mech.},
	Pages = {619-647},
	Title = {Inertial Effects in Suspension and Porous Media Flows},
	Volume = {33},
	Year = {2001}}

@article{Lafaurie:94,
	Author = {B. Lafaurie and C. Nardone and R. Scardovelli and S. Zaleski and G. Zanetti},
	Date-Modified = {2009-06-14 19:33:55 -0400},
	Journal = {J. Comput. Phys.},
	Pages = {134--147},
	Title = {Modelling Merging and Fragmentation in Multiphase Flows with {SURFER}},
	Volume = {113},
	Year = {1994}}

@article{Ladd:93,
	Author = {A. J. C. Ladd},
	Journal = {Phys. Fluids A},
	Pages = {299--310},
	Title = {Dynamical simulations of sedimenting spheres},
	Volume = {5},
	Year = {1993}}

@article{Ladd:97,
	Author = {A. J. C. Ladd},
	Journal = {Phys. Fluids},
	Pages = {491--499},
	Title = {Sedimentation of homogeneous suspensions of non-Brownian spheres},
	Volume = {9},
	Year = {1997}}

@article{Lee:89,
	Author = {R. C. Lee and J. E. Nydahl},
	Journal = {J. Heat Transfer},
	Pages = {474--479},
	Title = {Numerical Calculations of Bubble Growth in Nucleate Boiling from Inception through Departure},
	Volume = {111},
	Year = {1989}}

@article{Lock:98,
	Author = {N. Lock and M. Jaeger and M. Medale and R. Occelli},
	Journal = {Int. J. Numer. Meth. Fl.},
	Pages = {719--736},
	Title = {Local mesh adaptation technique for front tracking problems},
	Volume = {28},
	Year = {1998}}

@article{Loewenberg:96,
	Author = {M. Loewenberg and E. J. Hinch},
	Journal = {J. Fluid Mech.},
	Pages = {395--419},
	Title = {Numerical Simulation of a Concentrated Emulsion in Shear Flow},
	Volume = {321},
	Year = {1996}}

@article{Manga:93,
	Author = {M. Manga and H. A. Stone},
	Journal = {J. Fluid Mech.},
	Pages = {647--683},
	Title = {Buoyancy-Driven Interactions between Deformable Drops at Low {R}eynolds Numbers},
	Volume = {256},
	Year = {1993}}

@article{Mullins:64,
	Author = {W. W. Mullins and R. F. Sekerka},
	Journal = {J. Appl. Phys.,},
	Pages = {444--451},
	Title = {Stability of a Planar Interface During Solidification of a Dilute Binary Alloy},
	Volume = {35},
	Year = {1964}}

@article{Osher:01,
	Author = {S. Osher and R. P. Fedkiw},
	Journal = {J. Comput. Phys.},
	Pages = {463--502},
	Title = {Level Set Methods: an overview and some recent results},
	Volume = {169},
	Year = {2001}}

@article{Pozrikidis:01,
	Author = {C. Pozrikidis},
	Journal = {J. Comput. Phys.},
	Pages = {250--301},
	Title = {Interfacial Dynamics for {S}tokes Flow},
	Volume = {169},
	Year = {2001}}

@article{Peskin:77,
	Author = {C. S. Peskin},
	Journal = {J. Comput. Phys.},
	Pages = {220},
	Title = {Numerical Analysis of Blood Flow in the Heart},
	Volume = {25},
	Year = {1977}}

@article{Peskin:80,
	Author = {C. S. Peskin and D. M. McQueen},
	Journal = {J. Comput. Phys.},
	Pages = {113--132},
	Title = {Modeling Prosthetic Heart Valves for Numerical Analysis of Blood Flow in the Heart},
	Volume = {37},
	Year = {1980}}

@article{Peskin:89,
	Author = {C. S. Peskin and D. M. McQueen},
	Journal = {J. Comput. Phys.},
	Pages = {372--405},
	Title = {A Three-Dimensional Computational Method for Blood Flow in the Heart {I}. {I}mmersed Elastic Fibers in a Viscous Incompressible Fluid},
	Volume = {81},
	Year = {1989}}

@article{Peskin:93,
	Author = {C. S. Peskin and B. F. Printz},
	Date-Modified = {2009-06-14 19:37:41 -0400},
	Journal = {J. Comput. Phys.},
	Pages = {33--46},
	Title = {Improved Volume Conservation in the Computation of Flows with Immersed Boundaries},
	Volume = {105},
	Year = {1993}}

@article{Plesset:54,
	Author = {M. S. Plesset and S. A Zwick},
	Journal = {J. Appl. Phys.},
	Pages = {493--500},
	Title = {The Growth of Vapor Bubbles in Superheated Liquids},
	Volume = {25},
	Year = {1954}}

@article{Popinet:99,
	Author = {S. Popinet and S. Zaleski},
	Journal = {Int. J. Numer. Meth. Fluids},
	Pages = {775--793},
	Title = {A front-tracking algorithm for accurate representation of surface tension},
	Volume = {30},
	Year = {1999}}

@article{Prosperetti:78,
	Author = {A. Prosperetti and M. S. Plesset},
	Journal = {J. Fluid Mech.},
	Pages = {349--368},
	Title = {Vapor Bubble Growth in a Superheated Liquid},
	Volume = {85},
	Year = {1978}}

@article{Prosperetti:84,
	Author = {A. Prosperetti and M. S. Plesset},
	Journal = {Phys. Fluids},
	Pages = {1590--1602},
	Title = {The Stability of an Evaporating Liquid Surface},
	Volume = {27},
	Year = {1984}}

@article{Rayleigh:17,
	Author = {Lord Rayleigh},
	Journal = {Phil. Mag.},
	Pages = {94--98},
	Title = {On the Pressure Developed in a Liquid During the Collapse of a Spherical Cavity},
	Volume = {34},
	Year = {1917}}

@article{Roma:99,
	Author = {A. M. Roma and C. S. Peskin and M. J. Berger},
	Date-Modified = {2009-06-14 19:38:42 -0400},
	Journal = {J. Comput. Phys.},
	Pages = {509--534},
	Title = {An Adaptive Version of the Immersed Boundary Method},
	Volume = {153},
	Year = {1999}}

@article{Richards:94,
	Author = {J. R. Richards and A. M. Lenhoff and A. N. Beris},
	Journal = {Phys. Fluids},
	Pages = {2640--2655},
	Title = {Dynamic Breakup of Liquid-Liquid Jets},
	Volume = {6},
	Year = {1994}}

@article{Ruuth:01,
	Author = {S. J. Ruuth and B. Merriman},
	Journal = {J. Comput. Phys.},
	Pages = {xx},
	Title = {Convolution-thresholding methods for interface motion},
	Volume = {xx},
	Year = {2001}}

@article{Ryskin:84,
	Author = {G. Ryskin and L. G. Leal},
	Date-Modified = {2008-12-22 15:43:31 -0500},
	Journal = {J. Fluid Mech.},
	Pages = {19--35},
	Title = {Numerical solution of free-boundary problems in fluid mechanics. {P}art 2. {B}uoyancy-driven motion of a gas bubble through a quiescent liquid},
	Volume = {148},
	Year = {1984}}

@article{Sangani:88,
	Author = {A. S. Sangani},
	Journal = {J. of Appl. Math. and Physics, ZAMP},
	Pages = {542--555},
	Title = {Sedimentation in Ordered Emulsions of Drops at Low Renolds Number},
	Volume = {38},
	Year = {1988}}

@article{Sangani:93,
	Author = {A.S. Sangani and A. K. Didwania},
	Journal = {J. Fluid Mech.},
	Pages = {307--337},
	Title = {Dynamic simulations of flows of bubbly liquids at large {R}eynolds numbers},
	Volume = {250},
	Year = {1993}}

@article{Scardovelli:99,
	Author = {R. Scardovelli and S. Zaleski},
	Journal = {Ann. Rev. Fluid Mech.},
	Pages = {567--603},
	Title = {Direct numerical simulation of free-surface and interfacial flow},
	Volume = {31},
	Year = {1999}}

@article{Schmidt:96,
	Author = {A. Schmidt},
	Date-Modified = {2009-06-14 19:39:04 -0400},
	Journal = {J. Comput. Phys.},
	Pages = {293--312},
	Title = {Computations of Three Dimensional Dendrites with Finite Elements},
	Volume = {126},
	Year = {1996}}

@article{Sethian:01,
	Author = {J. A. Sethian},
	Journal = {J. Comput. Phys.},
	Pages = {503--555},
	Title = {Evolution, Implementation, and Application of Level Set and Fast Marching Methods for Advancing Fronts},
	Volume = {169},
	Year = {2001}}

@article{Sethian:92,
	Author = {J. A. Sethian and J. Strain},
	Date-Modified = {2009-06-14 19:39:18 -0400},
	Journal = {J. Comput. Phys.},
	Pages = {231--253},
	Title = {Crystal Growth and Dendritic Solidification},
	Volume = {98},
	Year = {1992}}

@article{Sheth:95,
	Author = {K. S. Sheth and C. Pozrikidis},
	Journal = {Computers and Fluids},
	Pages = {101--119},
	Title = {Effects of Inertia on the Deformation of Liquid Drops in Simple Shear Flow},
	Volume = {24},
	Year = {1995}}

@article{Shopov:90,
	Author = {P. J. Shopov and P. D. Minev and I. B. Bazhekov and Z. D. Zapryanov},
	Journal = {J. Fluid Mech.},
	Pages = {241--271},
	Title = {Interaction of a Deformable Bubble with a Rigid Wall at Moderate {R}eynolds Numbers},
	Volume = {219},
	Year = {1990}}

@article{Shin:00,
	Author = {S. W. Shin and D. Juric},
	Journal = {J. Mechanical Behavior of Materials},
	Pages = {313},
	Title = {Computation of Microstructure in Solidification with Fluid Convection},
	Volume = {11},
	Year = {2000}}

@article{Shyy:94,
	Author = {W. Shyy and M. M. Rao},
	Journal = {Microgravity Science and Technology},
	Pages = {41--49},
	Title = {Enthalpy Based Formulations for Phase-Change Problems with Application to {G}-Jitter},
	Volume = {7},
	Year = {1994}}

@article{Smereka:93,
	Author = {P. Smereka},
	Date-Modified = {2009-06-01 07:37:20 -0400},
	Journal = {J. Fluid Mech.},
	Pages = {79--112},
	Title = {On the motion of bubbles in a periodic box},
	Volume = {254},
	Year = {1993}}

@article{Son:97,
	Author = {G. Son and V. K. Dhir},
	Journal = {J. Heat Trans.},
	Pages = {525--533},
	Title = {Numerical simulation of saturated film boiling on a horizontal surface},
	Volume = {119},
	Year = {1997}}

@article{Son:98,
	Author = {G. Son and V. K. Dhir},
	Journal = {J. Heat Trans.},
	Pages = {183--192},
	Title = {Numerical simulation of film boiling near critical pressures with a level set method},
	Volume = {120},
	Year = {1998}}

@article{Squires:90,
	Author = {K. D. Squires and J. K. Eaton},
	Journal = {Phys. Fluids},
	Pages = {1191--1203},
	Title = {Particle response and turbulence modification in isotropic turbulence},
	Volume = {2},
	Year = {1990}}

@article{Sussman:94,
	Author = {M. Sussman and P. Smereka and S. Osher},
	Journal = {J. Comput. Phys.},
	Pages = {146--159},
	Title = {A Level Set Approach for Computing Solutions to Incompressible Two-Phase Flows},
	Volume = {114},
	Year = {1994}}

@article{Sussman:99,
	Author = {M. Sussman and A. S. Almgren and J. B. Bell and P. Colella and L. H. Howell and and M. L. Welcome},
	Date-Modified = {2009-06-14 19:39:54 -0400},
	Journal = {J. Comput. Phys.},
	Pages = {81--124},
	Title = {An Adaptive Level Set Approach for Incompressible Two-Phase Flows},
	Volume = {148},
	Year = {1999}}

@article{Swaminathan:93,
	Author = {C. R. Swaminathan and V. R. Voller},
	Journal = {Int. J. Num. Meth. Heat Fluid Flow},
	Pages = {233--244},
	Title = {On the Enthalpy Method},
	Volume = {3},
	Year = {1993}}

@article{Takada:00,
	Author = {N. Takada and M. Misawa and A. Tomiyama and S. Fujiwara},
	Journal = {Comput. Phys. Communications},
	Pages = {233--246},
	Title = {Numerical simulation of two- and three-dimensional. Two-phase fluid motion by lattice {B}oltzmann method},
	Volume = {129},
	Year = {2000}}

@article{Takada:01,
	Author = {N. Takada and M. Misawa and A. Tomiyama and S. Hosokawai},
	Journal = {J. Nucl. Sci. and Technology},
	Pages = {330--341},
	Title = {Simulation of bubble motion under gravity by lattice {B}oltzmann method},
	Volume = {38},
	Year = {2001}}

@article{Tonhardt:98,
	Author = {R. Tonhardt and G. Amberg},
	Journal = {J. Crystal Growth},
	Pages = {406--425},
	Title = {Phase-field simulations of dendritic growth in a shear flow},
	Volume = {194},
	Year = {1998}}

@article{Udaykumar:97,
	Author = {H. S. Udaykumar and H. C. Kan and W. Shyy and R. Tran-Son-Tay},
	Journal = {J. Comput. Phys.},
	Pages = {366--405},
	Title = {Multiphase Dynamics in Arbitrary Geometries on Fixed {C}artesian Grids},
	Volume = {137},
	Year = {1997}}

@article{Udaykumar:99,
	Author = {H. S. Udaykumar and R. Mittal and W. Shyy},
	Journal = {J. Comput. Phys.},
	Pages = {535--574},
	Title = {Computation of solid-liquid phase fronts in the sharp interface limit on fixed grids},
	Volume = {153},
	Year = {1999}}

@article{Ungar:85,
	Author = {L. H. Ungar and R. A. Brown},
	Journal = {Phys. Rev. B},
	Pages = {5931--5940},
	Title = {Cellular Interface Morphologies in Directional Solidification. {IV}. {T}he Formation of Deep Cells},
	Volume = {31},
	Year = {1985}}

@article{Ungar2:85,
	Author = {L. H. Ungar, M. J. Bennett and R. A. Brown},
	Journal = {Phys. Rev. B},
	Pages = {5923--5930},
	Title = {Cellular Interface Morphologies in Directional Solidification III. The Effects of Heat Transfer and Solid Diffusivity},
	Volume = {31},
	Year = {1985}}

@article{Wang:93,
	Author = {L.-P. Wang amd M. R. Maxey},
	Journal = {J. Fluid Mech.},
	Pages = {27--68},
	Title = {Settling velocity and concentration distribution of heavy particles in homogeneous isotropic turbulence},
	Volume = {256},
	Year = {1993}}

@article{Warren:95,
	Author = {J. A. Warren and W. J. Boettinger},
	Journal = {Acta Metall.},
	Pages = {689--703},
	Title = {Prediction of Dendritic Growth and Microsegregation Patterns in a Binary Alloy Using the Phase-Field Method},
	Volume = {43},
	Year = {1995}}

@article{Welch:00,
	Author = {S. W. J. Welch and J. Wilson},
	Date-Modified = {2009-06-14 19:41:48 -0400},
	Journal = {J. Comput. Phys.},
	Pages = {662--682},
	Title = {A volume of fluid based method for fluid flows with phase change},
	Volume = {160},
	Year = {2000}}

@article{Welch:95,
	Author = {S. W. J. Welch},
	Date-Modified = {2009-06-14 19:41:57 -0400},
	Journal = {J. Comput. Phys.},
	Pages = {142--154},
	Title = {Local Simulation of Two-Phase Flows Including Interface Tracking with Mass Transfer},
	Volume = {121},
	Year = {1995}}

@article{Wheeler:92,
	Author = {A. A. Wheeler, W. J. Boettinger and G. B. McFadden},
	Journal = {Phys. Rev. A},
	Pages = {7424--7439},
	Title = {Phase-Field Model for Isothermal Phase Transitions in Binary Alloys},
	Volume = {45},
	Year = {1992}}

@article{Wheeler:93,
	Author = {A. A. Wheeler and B. T. Murray and R. J. Schaefer},
	Journal = {Physica D},
	Pages = {243--262},
	Title = {Computations of Dendrites Using a Phase-Field Model},
	Volume = {66},
	Year = {1993}}

@article{Wijngaarden:90,
	Author = {L. van Wijngaarden and C. Kapteyn},
	Journal = {J. Fluid Mech.},
	Pages = {111--137},
	Title = {Concentration waves in dilute bubble/liquid mixtures},
	Volume = {212},
	Year = {1990}}

@article{Wijngaarden:93,
	Author = {L. van Wijngaarden},
	Journal = {J. Fluid Mech.},
	Pages = {55--78},
	Title = {The mean rise velocity of pairwise-interacting bubbles in liquid},
	Volume = {251},
	Year = {1993}}

@article{Wijngaarden:98,
	Author = {L. van Wijngaarden},
	Journal = {Theoret. Comput. Fluid Dynamics},
	Pages = {449--458},
	Title = {On pseudo-turbulence},
	Volume = {10},
	Year = {1998}}

@article{Takewaki:85,
	Author = {H. Takewaki and A. Nishiguchi and T. Yabe},
	Journal = {J. Comput. Phys.},
	Pages = {261--268},
	Title = {Cubic interpolated pseudo-particle method ({CIP}) for solving hyperbolic-type equations},
	Volume = {61},
	Year = {1985}}

@article{Takewaki:87,
	Author = {H. Takewaki and T. Yabe},
	Journal = {J. Comput. Phys.},
	Pages = {355--372},
	Title = {The cubic-interpolated pseudo particle ({CIP}) method: application to nonlinear and multi-dimensional hyperbolic equations},
	Volume = {70},
	Year = {1987}}

@article{Oguz:90,
	Author = {H. Oguz and A. Prosperetti},
	Journal = {J. Fluid Mech.},
	Pages = {143-179},
	Title = {Bubble entrainment by the impact of drops on liquid surfaces},
	Volume = {219},
	Year = {1990}}

@article{Oguz:93,
	Author = {H. Oguz and A. Prosperetti},
	Journal = {J. Fluid Mech.},
	Pages = {111-145},
	Title = {Dynamics of Bubble Growth and Detachment from a Needle},
	Volume = {257},
	Year = {1993}}

@article{Robinson:01,
	Author = {P. B. Robinson and J. R. Blake and T. Kodama and A. Shima and Y. Tomita},
	Journal = {J. Applied Phys.},
	Pages = {8225-8237},
	Title = {Interaction of cavitation bubbles with a free surface},
	Volume = {89 (12)},
	Year = {2001}}

@article{Xue:01,
	Author = {M. Xue and H. B. Xu and Y. M. Liu and D. K. P. Yue},
	Journal = {J. Fluid Mech.},
	Pages = {11--39},
	Title = {Computations of fully nonlinear three-dimensional wave-wave and wave-body interactions. {P}art 1. {D}ynamics of steep three-dimensional waves},
	Volume = {438},
	Year = {2001}}

@article{Sussman:00,
	Author = {M. Sussman and E. G. Puckett},
	Journal = {J. Comput. Phys.},
	Pages = {301--337},
	Title = {A coupled level set and volume-of-fluid method for computing 3{D} and axisymmetric incompressible two-phase flows},
	Volume = {162},
	Year = {2000}}

@article{Longuett:76,
	Author = {M. S. Longuet-Higgins and E. D. Cokelet},
	Journal = {Proc. R. Soc. London Ser. A},
	Pages = {1},
	Title = {The deformation of steep surface waves on water},
	Volume = {358},
	Year = {1976}}

@article{Vinje:81,
	Author = {T. Vinje and P. Brevig},
	Journal = {Adv. Water Resources},
	Pages = {77--82},
	Title = {Numerical simulations of breaking waves},
	Volume = {4},
	Year = {1981}}

@article{Schultz:94,
	Author = {W. W. Schultz and J. Huh and O. M. Griffin},
	Journal = {J. Fluid Mech},
	Pages = {201-228},
	Title = {Potential-energy in steep and breaking waves},
	Volume = {278},
	Year = {1994}}

@article{Pan:02,
	Author = {T. W. Pan and D. D. Joseph and R. Bai and R. Glowinski and V. Sarin},
	Journal = {J. Fluid Mech.},
	Pages = {169--191},
	Title = {Fluidization of 1204 spheres: simulation and experiment},
	Volume = {451},
	Year = {2002}}

@article{Rallison:78,
	Author = {J. M. Rallison and A. Acrivos},
	Journal = {J. Fluid Mech.},
	Pages = {191--200},
	Title = {A numerical study of the deformation and burst of a viscous drop in an extensional flow},
	Volume = {89},
	Year = {1978}}

@article{Zinchenko:00,
	Author = {A. Z. Zinchenko and R. H. Davis},
	Journal = {J. Comput. Phys},
	Pages = {539--587},
	Title = {An efficient algorithm for hydrodynamical interaction of many deformable drops},
	Volume = {157},
	Year = {2000}}

@article{Jong:60,
	Author = {G. de Josselin de Jong},
	Journal = {J. Geophys. Res.},
	Pages = {3739--3758},
	Title = {Singularity distribution for the analysis of multiple-fluid flow through porous media},
	Volume = {65},
	Year = {1960}}

@article{Meiburg:88,
	Author = {E. Meiburg and G. M. Homsy},
	Journal = {Phys. Fluids},
	Pages = {429},
	Title = {Nonlinear unstable viscous fingers in {H}ele-{S}haw flows. {II}. {N}umerical simulation},
	Volume = {31},
	Year = {1988}}

@article{Louge:94,
	Author = {M. Y. Louge},
	Journal = {Phys. Fluids},
	Pages = {2253--2269},
	Title = {Computer simulations of rapid granular flows of spheres interacting with a flat, frictional boundary},
	Volume = {6},
	Year = {1994}}

@article{Mitchell:73,
	Author = {T. M. Mitchell and F. H. Hammitt},
	Journal = {Trans ASME, J. Fluids Eng.},
	Pages = {29},
	Title = {Asymmetric cavitation bubble collapse},
	Volume = {95},
	Year = {1973}}

@inproceedings{Noh:76,
	Address = {Berlin},
	Author = {W. F. Noh and P. Woodward},
	Booktitle = {Proceedings, Fifth Int. Conference on Fluid Dynamics},
	Editor = {A.I. {van de Vooren} and P.J. Zandbergen},
	Pages = {330-340},
	Publisher = {Springer},
	Series = {Lecture Notes in Physics},
	Title = {{SLIC} (Simple Line Interface Calculation)},
	Volume = {59},
	Year = {1976}}

@article{Rudman:97,
	Author = {M. Rudman},
	Journal = {Int. J. Numer. Meth. Fluids},
	Pages = {671--691},
	Title = {Volume-tracking methods for interfacial flow calculations},
	Volume = 24,
	Year = {1997}}

@article{Rudman:98,
	Author = {M. Rudman},
	Journal = {Int. J. Numer. Meth. Fluids},
	Pages = {357--378},
	Title = {A volume-tracking method for incompressible multifluid flows with large density variations},
	Volume = 28,
	Year = {1998}}

@article{Rider:98,
	Author = {W. J. Rider and D. B. Kothe},
	Journal = {J. Comput. Phys.},
	Pages = {112--152},
	Title = {Reconstructing Volume Tracking},
	Volume = {141},
	Year = {1998}}

@article{Shin:02,
	Author = {S. Shin and D. Juric},
	Journal = {J. Comput. Phys},
	Pages = {427--470},
	Title = {Modeling Three-Dimensional Multiphase Flow Using a Level Contour Reconstruction Method for Front Tracking without Connectivity},
	Volume = {180},
	Year = {2002}}

@article{Lee:93,
	Author = {Y.-W. Lee and R. Ananth and W. N. Gill},
	Journal = {J. Crystal Growth},
	Pages = {226--230},
	Title = {Selection of length scale in unconstrained dendritic growth with convection in the melt},
	Volume = {132},
	Year = {1993}}

@article{Sankaranarayanan:02,
	Author = {K. Sankaranarayanan and X. Shan and I. G. Kevrekidis and S. Sundaresan},
	Journal = {J. Fluid Mech.},
	Pages = {61--96},
	Title = {Analysis of drag and virtual mass forces in bubbly suspensions using an implicit formulation of the lattice {B}oltzmann method},
	Volume = {452},
	Year = {2002}}

@article{Shikhmurzaev:02,
	Author = {Y. D. Shikhmurzaev},
	Journal = {J. Physics-Condensed Matter},
	Pages = {319--330},
	Title = {On metastable regimes of dynamic wetting},
	Volume = {14},
	Year = {2002}}

@article{Shikhmurzaev:00,
	Author = {Y. D. Shikhmurzaev},
	Journal = {Phys. Fluids},
	Pages = {2386--2396},
	Title = {Coalescence and capillary breakup of liquid volumes},
	Volume = {12},
	Year = {2000}}

@article{Li:00,
	Author = {Li and C. Pozrikidis},
	Journal = {Int. J. Multiphase Flow},
	Pages = {1247--1279},
	Title = {Wall-bounded shear flow and channel flow of suspensions of liquid drops},
	Volume = {26},
	Year = {2000}}

@article{Truesdell:94,
	Author = {C. G. Truesdell and S. Elghobashi},
	Journal = {Phys. Fluids},
	Pages = {1405--1407},
	Title = {On the 2-way interaction between homogeneous turbulence and dispersed solid particles. 2. Particle dispersion},
	Volume = {6},
	Year = {1994}}

@article{Pan:97,
	Author = {Y. Pan and S. Banerjee},
	Journal = {Phys. Fluids},
	Pages = {3786--3807},
	Title = {Numerical investigation of the effects of large particles on wall-turbulence},
	Volume = {9},
	Year = {1997}}

@article{Son:02,
	Author = {G. Son and N. Ramanujapu and V. K. Dhir},
	Journal = {ASME J. Heat Transfer},
	Pages = {51--62},
	Title = {Numerical simulation of bubble merger process on a single nucleation site during pool nucleate boiling},
	Volume = {124},
	Year = {2002}}

@article{Kobayashi:93,
	Author = {R. Kobayashi},
	Journal = {Physica D},
	Pages = {410--423},
	Title = {Modeling and numerical simulations of dendritic crystal-growth},
	Volume = {63},
	Year = {1993}}

@article{Sussman:98,
	Author = {M. Sussman and E. Fatemi and P. Smereka and S. Osher},
	Journal = {Computers and Fluids},
	Pages = {663--680},
	Title = {An improved level set method for incompressible two-phase flows},
	Volume = {27},
	Year = {1998}}

@article{Shan:93,
	Author = {X. W. Shan and H. D. Chen},
	Journal = {Phys. Rev. E},
	Pages = {1815--1819},
	Title = {Lattice {B}oltzmann model for simulationg flows with multiple phases and components},
	Volume = {47},
	Year = {1993}}

@article{Risso:02,
	Author = {F. Risso and K. Ellingsen},
	Journal = {J. Fluid Mech.},
	Pages = {395--410},
	Title = {Velocity fluctuations in a homogeneous dilute dispersion of high-{R}eynolds-number rising bubbles},
	Volume = {453},
	Year = {2002}}

@article{Kushch:02,
	Author = {V. I Kushch and A. S. Sangani and P. D. M. Spelt and D. L. Koch},
	Journal = {J. Fluid Mech.},
	Pages = {241--280},
	Title = {Finite-Weber-number motion of bubbles through a nearly inviscid liquid},
	Volume = {460},
	Year = {2002}}

@article{Puckett:97,
	Author = {E. G. Puckett and A. S. Almgren and J. B. Bell and D. L. Marcus and W. J. Rider},
	Journal = {J. Comput. Phys.},
	Pages = {269--282},
	Title = {A high-order projection method for tracking fluid interfaces in variable density incompressible flows},
	Volume = {130},
	Year = {1997}}

@article{Miller:96,
	Author = {G. H. Miller and E. G. Puckett},
	Journal = {J. Comput. Phys.},
	Pages = {134--164},
	Title = {A high-order Godunov method for multiple condensed phases},
	Volume = {128},
	Year = {1996}}

@article{Kawamura:02,
	Author = {T. Kawamura and Y. Kodama},
	Journal = {Int. J. of Heat and Fluid Flow},
	Pages = {627--638},
	Title = {Numerical simulation method to resolve interactions between bubbles and turbulence},
	Volume = {23},
	Year = {2002}}

@article{Magnaudet:00,
	Author = {J. Magnaudet and I. Eames},
	Journal = {Ann. Rev. Fluid Mech.},
	Pages = {659-708},
	Title = {The motion of high-{R}eynolds-mumber bubbles in inhomogeneous flows},
	Volume = {32},
	Year = {2000}}

@misc{Takagi:94,
	Author = {S. Takagi and Y. Matsumoto},
	Howpublished = {Proc. {German-Japanese} symp. on multiphase flow, KfK 5389, p. 499},
	Title = {Three-dimensional deformation of a rising bubble},
	Year = {1994}}

@article{Takagi:97,
	Author = {S. Takagi and Y. Matsumoto and H. Huang},
	Journal = {JSME Int. Journal, Series B},
	Pages = {42-50},
	Title = {Numerical Analysis of a Single Rising Bubble Using Boundary-Fitted Coordinate System},
	Volume = {40},
	Year = {1997}}

@article{Patil:91,
	Author = {R. K. Patil and J. Prusa},
	Journal = {ASME},
	Pages = {xx},
	Title = {Numerical Solutions for Asymptotic, Diffusion Controlled Growth of Hemispherical Bubble on an Isothermally Heated Surface},
	Volume = {xx},
	Year = {1991}}

@article{Michaelides:03,
	Author = {E. E. Michaelides},
	Journal = {J. Fluids Eng.},
	Pages = {209--238},
	Title = {Hydrodynamic force and heat/mass transfer from particles, bubbles, and drops---The Freeman Scholar Lecture},
	Volume = {125},
	Year = {2003}}

@article{Kobayashi:70,
	Author = {K. Kobayashi and Y. Iida and N. Kanegae},
	Journal = {Bull. JSME},
	Pages = {1005--1012.},
	Title = {Distribution of local void fraction of air-water two-phase flow in a vertical channel},
	Volume = {????},
	Year = {1970}}

@article{Serizawa1:75,
	Author = {A. Serizawa and I. Kataoka and I. Michiyoshi},
	Journal = {Int. J. Multiphase Flow},
	Pages = {235--246},
	Title = {Turbulence structure of air-water bubbly flow--{II}. Local properties},
	Volume = {2},
	Year = {1975}}

@article{Serizawa2:75,
	Author = {A. Serizawa and I. Kataoka and I. Michiyoshi},
	Date-Modified = {2009-05-22 08:42:54 -0400},
	Journal = {Int. J. Multiphase Flow},
	Pages = {247--259},
	Title = {Turbulence structure of air-water bubbly flow--{III}. Transport properties},
	Volume = {2},
	Year = {1975}}

@article{Oshinowo:74,
	Author = {T. Oshinowo and M. E. Charles},
	Journal = {Can. J. Chem. Engng.},
	Pages = {25-35},
	Title = {Vertical two-phase flow, Part 1. Flow pattern correlations},
	Volume = {52},
	Year = {1974}}

@article{Wang:87,
	Author = {S. K. Wang and S. J. Lee and O. C. Jones Jr. and R. T. Lahey Jr.},
	Journal = {Int. J. Multiphase Flow},
	Pages = {327--343},
	Title = {3-{D} turbulence structure and phase distribution in bubbly two-phase flows},
	Volume = {13},
	Year = {1987}}

@article{Jimenez:91,
	Author = {J. Jimenez and P. Moin},
	Journal = {J. Fluid. Mech.},
	Pages = {213-240},
	Title = {The minimal flow unit in near-wall turbulence.},
	Volume = {225},
	Year = {1991}}

@inproceedings{Kato:95,
	Author = {H. Kato and M. Miyanaga and H. Yamaguchi and M. M. Guin},
	Pages = {31--38},
	Title = {Frictional drag reduction by injecting bubbly water into turbulent boundary layer and the effect of plate orientation},
	Year = {1995}}

@inproceedings{Kodama:02,
	Address = {Naval Studies Board (NSB). Available at: http://books.nap.edu/books/NI000511/html/},
	Author = {Y. Kodama and A. Kakugawa and T. Takahashi and S. Nagaya and K. Sugiyama},
	Booktitle = {Twenty-Fourth Symposium on Naval Hydrodynamics},
	Title = {Microbubbles: Drag Reduction and Applicability to Ships},
	Year = {2003}}

@article{Nakoryakov:96,
	Author = {V.E. Nakoryakov and O.N. Kashinsky and V.V. Randin and L.S. Timkin},
	Journal = {J. Fluids Eng.},
	Pages = {377-382},
	Title = {Gas-liquid bubbly flow in vertical pipes},
	Volume = {118},
	Year = {1996}}

@inproceedings{Takahira:04,
	Author = {H. Takahira and S. Banerjee},
	Booktitle = {Proceedings of ICMF Int. Conference on Multiphase Flow},
	Title = {Numerical Analysis of Three Dimensional Bubble Growth and Detachment in a Shear Flow},
	Year = {2004}}

@article{Xu:00,
	Author = {J. Xu and M. R. Maxey and G. E. Karniadakis},
	Journal = {J. Fluid Mech.},
	Pages = {271-281},
	Title = {Numerical simulation of turbulent drag reduction using micro-bubbles},
	Volume = {468},
	Year = {2000}}

@article{Spelt:97,
	Author = {P. D. M. Spelt and A. Biesheuvel},
	Journal = {J. Fluid Mech.},
	Pages = {221-244},
	Title = {On the motion of gas bubbles in homogeneous isotropic turbulence},
	Volume = {336},
	Year = {1997}}

@article{Pomerantz:64,
	Author = {M. L. Pomerantz},
	Journal = {Trans. ASME},
	Pages = {213-219},
	Title = {Film boiling on a horizontal tube in increased gravity fields},
	Volume = {86},
	Year = {1964}}

@article{Lienhard:70,
	Author = {J. H. Lienhard and K.-H. Sun},
	Journal = {J. Heat Trans.},
	Pages = {292--298},
	Title = {Effect of gravity and size upon film boiling from horizontal cylinders},
	Volume = {92},
	Year = {1970}}

@article{Leonard:79,
	Author = {B. P. Leonard},
	Journal = {Comput. Meth. Appl. Mech. Engrg.},
	Pages = {59--98},
	Title = {A stable and accurate convective modelling procedure based on quadratic upstream interpolation},
	Volume = {19},
	Year = {1979}}

@article{Otha:04,
	Author = {M. Ohta and S. Haranaka and Y. Yoshida and M. Sussman},
	Journal = {J. Chem. Eng. Japan},
	Pages = {968--975},
	Title = {Three dimensional numerical simulations of the motion of a gas bubble rising in viscous liquids},
	Volume = {37},
	Year = {2004}}

@article{Ryskin:83,
	Author = {G. Ryskin and L. G. Leal},
	Journal = {J. Comput. Phys.},
	Pages = {71--100},
	Title = {Orthogonal mapping},
	Volume = {50},
	Year = {1983}}

@article{Sweet:74,
	Author = {R. A. Sweet},
	Journal = {SIAM J. Numer. Anal.},
	Pages = {506-520},
	Title = {A generalized cyclic reduction algorithm},
	Volume = {11},
	Year = {1974}}

@inproceedings{Rider:95,
	Author = {W. J. Rider and D. B. Kothe},
	Booktitle = {AIAA Paper 95-1717},
	Title = {Stretching and tearing interface tracking methods},
	Year = {1995}}

@article{Woodward:84,
	Author = {P. R. Woodward and P. Colella},
	Journal = {J. Comput. Phys.},
	Pages = {115--173},
	Title = {The Numerical Simulation of Two-Dimensional Fluid Flow with Strong Shock},
	Volume = {54},
	Year = {1984}}

@article{Johansson:93,
	Author = {B. C. V. Johansson},
	Journal = {J. Comput. Phys.},
	Pages = {233--251},
	Title = {Boundary conditions for open boundaries for the incompressible {N}avier-{S}tokes equation},
	Volume = {105},
	Year = {1993}}

@article{Shin:05,
	Author = {S. Shin and S. I. Abdel-Khalik and V. Daru and D. Juric},
	Journal = {J. Comput. Phys.},
	Pages = {493--516},
	Title = {Accurate representation of surface tension using the level contour reconstruction method},
	Volume = {203},
	Year = {2005}}

@misc{Kothe:91,
	Author = {D. B. Kothe and R. C. Mjolsness and M.D. Torrey},
	Howpublished = {Tech. Rep. LA-12007-MS, Los Alamos National Laboratory},
	Title = {Ripple: A computer program for incompressible flows with free surfaces},
	Year = {1991}}

@article{Verschueren:01,
	Author = {M. Verschueren and F. N. van de Vosse and H. E. H. Meijer},
	Journal = {J. Fluid Mech.},
	Pages = {153--166},
	Title = {Diffuse-interface modelling of thermo-capillary flow instabilities in a {H}ele-{S}haw cell},
	Volume = {434},
	Year = {2001}}

@article{Sussman:97,
	Author = {M. Sussman and P. Smereka},
	Journal = {J. Fluid Mech.},
	Pages = {269--294},
	Title = {Axisymmetric Free Boundary Problems},
	Volume = {341},
	Year = {1997}}

@article{Tran:04,
	Author = {L. B. Tran and H. S. Udaykumar},
	Journal = {J. Comput. Phys.},
	Pages = {469--510},
	Title = {A particle-level set-based sharp interface cartesian grid method for impact, penetration, and void collapse},
	Volume = {193},
	Year = {2004}}

@article{Rasetarinera:01,
	Author = {P. Rasetarinera and M. Y. Hussaini},
	Journal = {J. Comput. Phys.},
	Pages = {1--21},
	Title = {An efficient implicit discontinuous spectral galerkin method},
	Volume = {172},
	Year = {2001}}

@inproceedings{Stanescu:02,
	Author = {D. Stanescu and M. Y. Hussaini and F. Farassat},
	Booktitle = {Proceedings of AIAA, number AIAA-2002-0800, Reno, NV},
	Title = {Aircraft engine noise scattering. A discontinuous spectral element approach},
	Year = {2002}}

@article{Kunugi:01,
	Author = {T. Kunugi},
	Journal = {Computational Fluid Dynamics Journal},
	Pages = {563--571},
	Title = {MARS for Multiphase Calculation},
	Volume = {9},
	Year = {2001}}

@article{Liu:00,
	Author = {X. Liu and R. P. Fedkiw and M. Kang},
	Journal = {J. Comput. Phys.},
	Pages = {151--178},
	Title = {A boundary condition capturing method for Poisson's equation on irregular domains},
	Volume = {160},
	Year = {2000}}

@article{Natarajan:93,
	Author = {R. Natarajan and A. Acrivos},
	Journal = {J. Fluid Mech.},
	Pages = {323--344},
	Title = {The instability of the steady flow past spheres and disks},
	Volume = {254},
	Year = {1993}}

@article{Takagi:03,
	Journal = {J. Comput. Phys.},
	Pages = {371--390},
	Title = {PHYSALIS: A new method for particle simulation. Part II: Two-dimensional Navier-Stokes flow around cylinders},
	Volume = {187},
	Year = {2003}}

@misc{Prosperetti:05,
	Author = {A. Prosperetti and Zhang},
	Howpublished = {J. Comput. Phys., To appear},
	Title = {A Second-Order Method for Three-Dimensional Particle Simulation},
	Year = {2005}}

@article{Sussman:05,
	Author = {M. Sussman},
	Journal = {J. Computers and Structures},
	Pages = {435--444},
	Title = {A Parallelized, Adaptive algorithm for multiphase flows in general geometries},
	Volume = {83},
	Year = {2005}}

@book{Alexiades:93,
	Author = {V. Alexiades and A. D. Solomon},
	Publisher = {Hemisphere},
	Title = {Mathematical Modeling of Melting and Freezing Processes},
	Year = {1993}}

@book{Bayvel:93,
	Author = {L. Bayvel and Z. Orzechowski},
	Publisher = {Taylor and Francis},
	Title = {Liquid Atomization},
	Year = {1993}}

@book{Eckert:72,
	Author = {E.R.G. Eckert and R.M. Drake, Jr.},
	Publisher = {McGraw-Hill},
	Title = {Analysis of Heat and Mass Transfer},
	Year = {1972}}

@book{Gropp:95,
	Author = {W. Gropp, E. Lusk and A. Skjellum},
	Publisher = {The MIT Press},
	Title = {Using MPI: Portable Parallel Programming with the Message-Passing Interface},
	Year = {1995}}

@book{Shyy:96,
	Author = {W. Shyy and H.S. Udaykumar and M. Rao and R. Smith},
	Publisher = {Taylor \& Francis},
	Title = {Computational Fluid dynamics with Moving Boundaries},
	Year = {1996}}

@book{Pozrikidis:92,
	Author = {C. Pozrikidis},
	Date-Modified = {2008-12-22 12:02:46 -0500},
	Publisher = {Cambridge Univ. Press},
	Title = {Integral and Singularity Methods for Linearized Viscous Flow},
	Year = {1992}}

@book{Peyret:83,
	Address = {New York/Berlin},
	Author = {R. Peyret and T. D. Taylor},
	Publisher = {Springer {V}erlag},
	Title = {Computational Methods for Fluid Flow},
	Year = {1983}}

@book{Tennekes:72,
	Author = {H. Tennekes \& J. L. Lumley},
	Publisher = {The MIT Press},
	Title = {A first course in turbulence},
	Year = {1972}}

@book{Hetsroni:82,
	Author = {G. Hetsroni},
	Publisher = {McGraw Hill},
	Title = {Handbook of multiphase systems},
	Year = {1982}}

@book{Ishii:75,
	Author = {M. Ishii},
	Publisher = {Eyrolles},
	Title = {Thermo-fluid dynamic theory of two-phase flows},
	Year = {1975}}

@book{Ishii:87,
	Author = {M. Ishii},
	Publisher = {McGraw-Hill},
	Title = {Interfacial Area Modeling, Vol. 3, Chapter 3, 31-62},
	Year = {1987}}

@book{Kakac:83,
	Author = {S. Kakac and M. Ishii},
	Publisher = {Martinus Nijhoff Publishers},
	Title = {Advances in Two-phase Flow and Heat Transfer, Fundamentals and Applications, Vol. I and II},
	Year = {1983}}

@book{Drew:99,
	Author = {D. A. Drew and S. L. Passman},
	Publisher = {Springer},
	Title = {Theory of multicomponent fluids},
	Year = {1999}}

@book{Happel:81,
	Publisher = {Kluwer},
	Title = {Low Reynolds Number Hydrodynamics},
	Year = {1981}}

@book{LeVeque:02,
	Author = {Randall J. LeVeque},
	Publisher = {Cambridge Univ. Press},
	Title = {Finite Volume Methods for Hyperbolic Problems},
	Year = {2002}}

@book{Wesseling:01,
	Author = {P. Wesseling},
	Date-Modified = {2008-12-22 11:54:50 -0500},
	Publisher = {Springer-Verlag Berlin},
	Title = {Principles of Computational Fluid Dynamics},
	Year = {2001}}

@book{Hirsch:88,
	Author = {C. Hirsch},
	Publisher = {Wiley},
	Title = {Numerical Computations of Internal and External Flows, Vol. I},
	Year = {1988}}

@book{templates,
	Address = {Philadelphia, PA},
	Author = {R. Barrett and M. Berry and T. F. Chan and J. Demmel and J. Donato and J. Dongarra and V. Eijkhout and R. Pozo and C. Romine and H. Van der Vorst},
	Publisher = {SIAM},
	Title = {Templates for the Solution of Linear Systems: Building Blocks for Iterative Methods, 2nd Edition},
	Year = {1994}}

@article{Goldstein:93,
	Author = {D. Goldstein and R. Handler and L. Sirovich},
	Journal = {J. Comput. Phys.},
	Pages = {354--366},
	Title = {Modeling a no-slip flow boundary with an external force field},
	Volume = {105},
	Year = {1993}}

@article{Saiki:96,
	Author = {E.M. Saiki and S. Biringen},
	Journal = {J. Comput. Phys.},
	Pages = {450-465},
	Title = {Numerical simulation of a cylinder in uniform flow: application of a virtual boundary method},
	Volume = {123},
	Year = {1996}}

@article{Kim:01,
	Author = {J. Kim and D. Kim and H. Choi},
	Journal = {J. Comput. Phys.},
	Pages = {132--150},
	Title = {An immersed-boundary finite-volume method for simulations of flow in complex geometries},
	Volume = {171},
	Year = {2001}}

@electronic{gerris:08,
	Author = {S. Popinet},
	Date-Added = {2008-05-27 11:20:34 -0400},
	Date-Modified = {2008-12-22 13:50:15 -0500},
	Title = {The {G}erris Flow Solver},
	Url = {http://gfs.sf.net},
	Year = {2008},
	Bdsk-Url-1 = {http://gfs.sf.net}}
